<?xml version="1.0" encoding="UTF-8"?>
<!DOCTYPE html PUBLIC "-//W3C//DTD XHTML 1.0 Transitional//EN"
    "http://www.w3.org/TR/xhtml1/DTD/xhtml1-transitional.dtd">
<html xmlns="http://www.w3.org/1999/xhtml" xml:lang="en" lang="en">
 <head>
  <title>
</title>
<meta http-equiv="Content-Type" content="text/html;charset=utf-8" />
  <meta name='ocr-system' content='tesseract 3.04.00' />
  <meta name='ocr-capabilities' content='ocr_page ocr_carea ocr_par ocr_line ocrx_word'/>
</head>
<body>
  <div class='ocr_page' id='page_1' title='image "./ioanniscantacuz02niebgoog_0389.png"; bbox 0 0 2854 4936; ppageno 0'>
   <div class='ocr_carea' id='block_1_1' title="bbox 331 215 1029 330">
    <p class='ocr_par' dir='ltr' id='par_1_1' title="bbox 331 215 1029 330">
     <span class='ocr_line' id='line_1_1' title="bbox 331 215 1029 330; baseline -0.011 -13"><span class='ocrx_word' id='word_1_1' title='bbox 331 215 414 330; x_wconf 82' lang='lat'><strong>372</strong></span> <span class='ocrx_word' id='word_1_2' title='bbox 714 239 1029 310; x_wconf 77' lang='lat' dir='ltr'><strong>amorrnonrs</strong></span> 
     </span>
    </p>
   </div>
   <div class='ocr_carea' id='block_1_2' title="bbox 324 395 1394 3978">
    <p class='ocr_par' dir='ltr' id='par_1_2' title="bbox 324 395 1394 3978">
     <span class='ocr_line' id='line_1_2' title="bbox 330 395 1386 482; baseline -0.003 -24"><span class='ocrx_word' id='word_1_3' title='bbox 330 417 424 482; x_wconf 84' lang='lat' dir='ltr'><strong>qnam</strong></span> <span class='ocrx_word' id='word_1_4' title='bbox 447 399 576 460; x_wconf 89' lang='lat' dir='ltr'><strong>retinere</strong></span> <span class='ocrx_word' id='word_1_5' title='bbox 595 398 746 460; x_wconf 86' lang='lat' dir='ltr'><strong>Graccum</strong></span> <span class='ocrx_word' id='word_1_6' title='bbox 774 395 921 458; x_wconf 88' lang='lat' dir='ltr'><strong>aedicere</strong></span> <span class='ocrx_word' id='word_1_7' title='bbox 946 397 1242 482; x_wconf 75' lang='lat' dir='ltr'><strong>Porplrymgemretc.</strong></span> <span class='ocrx_word' id='word_1_8' title='bbox 1278 399 1386 466; x_wconf 72' lang='lat' dir='ltr'><strong>Verum.</strong></span> 
     </span>
     <span class='ocr_line' id='line_1_3' title="bbox 330 481 1386 566; baseline 0.005 -23"><span class='ocrx_word' id='word_1_9' title='bbox 330 493 433 543; x_wconf 87' lang='lat' dir='ltr'><strong>tamen</strong></span> <span class='ocrx_word' id='word_1_10' title='bbox 453 482 666 544; x_wconf 72' lang='lat' dir='ltr'><strong>Constantinus</strong></span> <span class='ocrx_word' id='word_1_11' title='bbox 688 483 743 542; x_wconf 89' lang='lat' dir='ltr'><strong>iste</strong></span> <span class='ocrx_word' id='word_1_12' title='bbox 762 501 823 541; x_wconf 91' lang='lat' dir='ltr'><strong>non</strong></span> <span class='ocrx_word' id='word_1_13' title='bbox 846 481 902 542; x_wconf 89' lang='lat' dir='ltr'><strong>suit</strong></span> <span class='ocrx_word' id='word_1_14' title='bbox 921 485 1074 563; x_wconf 82' lang='lat' dir='ltr'><strong>proximus</strong></span> <span class='ocrx_word' id='word_1_15' title='bbox 1093 481 1180 544; x_wconf 77' lang='lat' dir='ltr'><strong>heres</strong></span> <span class='ocrx_word' id='word_1_16' title='bbox 1203 487 1331 566; x_wconf 88' lang='lat' dir='ltr'><strong>imperii,</strong></span> <span class='ocrx_word' id='word_1_17' title='bbox 1348 489 1386 548; x_wconf 87' lang='lat' dir='ltr'><strong>scd</strong></span> 
     </span>
     <span class='ocr_line' id='line_1_4' title="bbox 330 561 1385 650; baseline 0.001 -23"><span class='ocrx_word' id='word_1_18' title='bbox 330 568 487 647; x_wconf 82' lang='lat' dir='ltr'><strong>posterior.</strong></span> <span class='ocrx_word' id='word_1_19' title='bbox 526 565 651 640; x_wconf 80' lang='lat' dir='ltr'><strong>Etenim</strong></span> <span class='ocrx_word' id='word_1_20' title='bbox 674 561 805 626; x_wconf 87' lang='lat' dir='ltr'><strong>Michael</strong></span> <span class='ocrx_word' id='word_1_21' title='bbox 828 574 913 646; x_wconf 89' lang='lat' dir='ltr'><strong>pater</strong></span> <span class='ocrx_word' id='word_1_22' title='bbox 932 564 1133 642; x_wconf 80' lang='lat' dir='ltr'><strong>Andronico,</strong></span> <span class='ocrx_word' id='word_1_23' title='bbox 1155 578 1225 626; x_wconf 90' lang='lat' dir='ltr'><strong>ante</strong></span> <span class='ocrx_word' id='word_1_24' title='bbox 1244 588 1385 650; x_wconf 79' lang='lat' dir='ltr'><strong>purpuram</strong></span> 
     </span>
     <span class='ocr_line' id='line_1_5' title="bbox 329 643 1389 730; baseline 0.005 -21"><span class='ocrx_word' id='word_1_25' title='bbox 329 649 389 710; x_wconf 91' lang='lat' dir='ltr'><strong>sibi</strong></span> <span class='ocrx_word' id='word_1_26' title='bbox 408 659 491 724; x_wconf 87' lang='lat' dir='ltr'><strong>nato,</strong></span> <span class='ocrx_word' id='word_1_27' title='bbox 512 658 549 708; x_wconf 90' lang='lat' dir='ltr'><strong>ut</strong></span> <span class='ocrx_word' id='word_1_28' title='bbox 570 659 704 730; x_wconf 88' lang='lat' dir='ltr'><strong>apparet,</strong></span> <span class='ocrx_word' id='word_1_29' title='bbox 723 648 836 729; x_wconf 88' lang='lat' dir='ltr'><strong>priores</strong></span> <span class='ocrx_word' id='word_1_30' title='bbox 857 646 929 710; x_wconf 87' lang='lat' dir='ltr'><strong>dare</strong></span> <span class='ocrx_word' id='word_1_31' title='bbox 949 643 1057 709; x_wconf 87' lang='lat' dir='ltr'><strong>voluit.</strong></span> <span class='ocrx_word' id='word_1_32' title='bbox 1098 648 1226 710; x_wconf 79' lang='lat' dir='ltr'><strong>Poterat</strong></span> <span class='ocrx_word' id='word_1_33' title='bbox 1245 653 1389 714; x_wconf 72' lang='lat' dir='ltr'><strong>interdon-</strong></span> 
     </span>
     <span class='ocr_line' id='line_1_6' title="bbox 329 729 1388 818; baseline 0.005 -25"><span class='ocrx_word' id='word_1_34' title='bbox 329 733 496 793; x_wconf 87' lang='lat' dir='ltr'><strong>stantinum</strong></span> <span class='ocrx_word' id='word_1_35' title='bbox 517 741 546 791; x_wconf 89' lang='lat' dir='ltr'><strong>et</strong></span> <span class='ocrx_word' id='word_1_36' title='bbox 566 731 777 793; x_wconf 86' lang='lat' dir='ltr'><strong>Andronicum</strong></span> <span class='ocrx_word' id='word_1_37' title='bbox 798 730 905 792; x_wconf 87' lang='lat' dir='ltr'><strong>fratres</strong></span> <span class='ocrx_word' id='word_1_38' title='bbox 926 729 1031 791; x_wconf 89' lang='lat' dir='ltr'><strong>eadem</strong></span> <span class='ocrx_word' id='word_1_39' title='bbox 1052 729 1089 792; x_wconf 88' lang='lat' dir='ltr'><strong>lis</strong></span> <span class='ocrx_word' id='word_1_40' title='bbox 1109 732 1313 814; x_wconf 79' lang='lat' dir='ltr'><strong>intercedere,</strong></span> <span class='ocrx_word' id='word_1_41' title='bbox 1332 759 1388 818; x_wconf 84' lang='lat' dir='ltr'><strong>qnae</strong></span> 
     </span>
     <span class='ocr_line' id='line_1_7' title="bbox 329 813 1389 899; baseline 0.003 -23"><span class='ocrx_word' id='word_1_42' title='bbox 329 816 410 876; x_wconf 91' lang='lat' dir='ltr'><strong>inter</strong></span> <span class='ocrx_word' id='word_1_43' title='bbox 430 815 623 876; x_wconf 75' lang='lat' dir='ltr'><strong>Artemonem</strong></span> <span class='ocrx_word' id='word_1_44' title='bbox 644 826 675 876; x_wconf 90' lang='lat' dir='ltr'><strong>et</strong></span> <span class='ocrx_word' id='word_1_45' title='bbox 694 816 834 891; x_wconf 84' lang='lat' dir='ltr'><strong>Xerxem,</strong></span> <span class='ocrx_word' id='word_1_46' title='bbox 846 813 942 888; x_wconf 84' lang='lat' dir='ltr'><strong>Darii,</strong></span> <span class='ocrx_word' id='word_1_47' title='bbox 965 813 1127 876; x_wconf 80' lang='lat' dir='ltr'><strong>Persarum</strong></span> <span class='ocrx_word' id='word_1_48' title='bbox 1147 819 1237 899; x_wconf 79' lang='lat' dir='ltr'><strong>regis,</strong></span> <span class='ocrx_word' id='word_1_49' title='bbox 1256 817 1336 892; x_wconf 85' lang='lat' dir='ltr'><strong>filios,</strong></span> <span class='ocrx_word' id='word_1_50' title='bbox 1355 821 1389 880; x_wconf 85' lang='lat' dir='ltr'><strong>in·</strong></span> 
     </span>
     <span class='ocr_line' id='line_1_8' title="bbox 329 897 1389 982; baseline 0.002 -23"><span class='ocrx_word' id='word_1_51' title='bbox 329 901 476 960; x_wconf 86' lang='lat' dir='ltr'><strong>tercessit.</strong></span> <span class='ocrx_word' id='word_1_52' title='bbox 517 897 694 960; x_wconf 87' lang='lat' dir='ltr'><strong>Artemenes</strong></span> <span class='ocrx_word' id='word_1_53' title='bbox 715 897 876 980; x_wconf 87' lang='lat' dir='ltr'><strong>siquidem,</strong></span> <span class='ocrx_word' id='word_1_54' title='bbox 890 907 925 958; x_wconf 90' lang='lat' dir='ltr'><strong>ut</strong></span> <span class='ocrx_word' id='word_1_55' title='bbox 946 907 1020 958; x_wconf 89' lang='lat' dir='ltr'><strong>natu</strong></span> <span class='ocrx_word' id='word_1_56' title='bbox 1037 899 1194 978; x_wconf 85' lang='lat' dir='ltr'><strong>maximus,</strong></span> <span class='ocrx_word' id='word_1_57' title='bbox 1214 903 1389 982; x_wconf 78' lang='lat' dir='ltr'><strong>aetatisprse</strong></span> 
     </span>
     <span class='ocr_line' id='line_1_9' title="bbox 330 979 1389 1064; baseline 0.003 -22"><span class='ocrx_word' id='word_1_58' title='bbox 330 983 467 1064; x_wconf 82' lang='lat' dir='ltr'><strong>rogativa</strong></span> <span class='ocrx_word' id='word_1_59' title='bbox 488 981 647 1062; x_wconf 89' lang='lat' dir='ltr'><strong>imperinm</strong></span> <span class='ocrx_word' id='word_1_60' title='bbox 670 981 709 1042; x_wconf 87' lang='lat' dir='ltr'><strong>ad</strong></span> <span class='ocrx_word' id='word_1_61' title='bbox 730 1001 762 1042; x_wconf 88' lang='lat' dir='ltr'><strong>se</strong></span> <span class='ocrx_word' id='word_1_62' title='bbox 783 980 932 1055; x_wconf 88' lang='lat' dir='ltr'><strong>trahebat,</strong></span> <span class='ocrx_word' id='word_1_63' title='bbox 954 979 1038 1063; x_wconf 88' lang='lat' dir='ltr'><strong>quod</strong></span> <span class='ocrx_word' id='word_1_64' title='bbox 1058 983 1106 1042; x_wconf 86' lang='lat' dir='ltr'><strong>ius</strong></span> <span class='ocrx_word' id='word_1_65' title='bbox 1125 994 1156 1044; x_wconf 92' lang='lat' dir='ltr'><strong>et</strong></span> <span class='ocrx_word' id='word_1_66' title='bbox 1175 982 1255 1044; x_wconf 77' lang='lat' dir='ltr'><strong>ordo</strong></span> <span class='ocrx_word' id='word_1_67' title='bbox 1274 985 1389 1044; x_wconf 87' lang='lat' dir='ltr'><strong>nascendi</strong></span> 
     </span>
     <span class='ocr_line' id='line_1_10' title="bbox 331 1063 1391 1148; baseline 0.002 -22"><span class='ocrx_word' id='word_1_68' title='bbox 331 1076 362 1126; x_wconf 85' lang='lat' dir='ltr'><strong>et</strong></span> <span class='ocrx_word' id='word_1_69' title='bbox 382 1077 491 1126; x_wconf 86' lang='lat' dir='ltr'><strong>natura</strong></span> <span class='ocrx_word' id='word_1_70' title='bbox 510 1065 574 1148; x_wconf 86' lang='lat' dir='ltr'><strong>ipsa</strong></span> <span class='ocrx_word' id='word_1_71' title='bbox 595 1065 737 1147; x_wconf 79' lang='lat' dir='ltr'><strong>gentibus</strong></span> <span class='ocrx_word' id='word_1_72' title='bbox 757 1063 851 1128; x_wconf 91' lang='lat' dir='ltr'><strong>dedit.</strong></span> <span class='ocrx_word' id='word_1_73' title='bbox 892 1065 1008 1124; x_wconf 83' lang='lat' dir='ltr'><strong>Xerxes</strong></span> <span class='ocrx_word' id='word_1_74' title='bbox 1032 1069 1271 1127; x_wconf 77' lang='lat' dir='ltr'><strong>connoversiam</strong></span> <span class='ocrx_word' id='word_1_75' title='bbox 1291 1089 1343 1128; x_wconf 92' lang='lat' dir='ltr'><strong>non</strong></span> <span class='ocrx_word' id='word_1_76' title='bbox 1364 1067 1391 1128; x_wconf 85' lang='lat' dir='ltr'><strong>de</strong></span> 
     </span>
     <span class='ocr_line' id='line_1_11' title="bbox 329 1145 1391 1232; baseline 0.002 -24"><span class='ocrx_word' id='word_1_77' title='bbox 329 1147 454 1226; x_wconf 86' lang='lat' dir='ltr'><strong>ordine,</strong></span> <span class='ocrx_word' id='word_1_78' title='bbox 478 1147 531 1209; x_wconf 90' lang='lat' dir='ltr'><strong>sed</strong></span> <span class='ocrx_word' id='word_1_79' title='bbox 551 1148 589 1210; x_wconf 92' lang='lat' dir='ltr'><strong>de</strong></span> <span class='ocrx_word' id='word_1_80' title='bbox 610 1148 753 1210; x_wconf 86' lang='lat' dir='ltr'><strong>nascendi</strong></span> <span class='ocrx_word' id='word_1_81' title='bbox 783 1145 925 1208; x_wconf 82' lang='lat' dir='ltr'><strong>felicitate</strong></span> <span class='ocrx_word' id='word_1_82' title='bbox 954 1147 1112 1210; x_wconf 79' lang='lat' dir='ltr'><strong>rescrebat.</strong></span> <span class='ocrx_word' id='word_1_83' title='bbox 1153 1149 1296 1232; x_wconf 87' lang='lat' dir='ltr'><strong>Namque</strong></span> <span class='ocrx_word' id='word_1_84' title='bbox 1322 1153 1391 1210; x_wconf 78' lang='lat' dir='ltr'><strong>Arte·</strong></span> 
     </span>
     <span class='ocr_line' id='line_1_12' title="bbox 328 1231 1391 1316; baseline 0.005 -24"><span class='ocrx_word' id='word_1_85' title='bbox 328 1252 450 1292; x_wconf 88' lang='lat' dir='ltr'><strong>menem</strong></span> <span class='ocrx_word' id='word_1_86' title='bbox 472 1233 603 1313; x_wconf 88' lang='lat' dir='ltr'><strong>primum</strong></span> <span class='ocrx_word' id='word_1_87' title='bbox 625 1232 747 1314; x_wconf 86' lang='lat' dir='ltr'><strong>quidem</strong></span> <span class='ocrx_word' id='word_1_88' title='bbox 762 1231 875 1305; x_wconf 90' lang='lat' dir='ltr'><strong>Dario,</strong></span> <span class='ocrx_word' id='word_1_89' title='bbox 896 1231 948 1293; x_wconf 91' lang='lat' dir='ltr'><strong>sed</strong></span> <span class='ocrx_word' id='word_1_90' title='bbox 966 1233 1083 1312; x_wconf 87' lang='lat' dir='ltr'><strong>privato</strong></span> <span class='ocrx_word' id='word_1_91' title='bbox 1100 1233 1288 1313; x_wconf 84' lang='lat' dir='ltr'><strong>provenisse,</strong></span> <span class='ocrx_word' id='word_1_92' title='bbox 1307 1254 1334 1296; x_wconf 84' lang='lat' dir='ltr'><strong>se</strong></span> <span class='ocrx_word' id='word_1_93' title='bbox 1345 1234 1391 1316; x_wconf 67' lang='lat' dir='ltr'><strong>regi</strong></span> 
     </span>
     <span class='ocr_line' id='line_1_13' title="bbox 352 1312 1391 1393; baseline 0.002 -19"><span class='ocrx_word' id='word_1_94' title='bbox 352 1317 463 1374; x_wconf 89' lang='lat' dir='ltr'><strong>rimum</strong></span> <span class='ocrx_word' id='word_1_95' title='bbox 484 1327 589 1376; x_wconf 88' lang='lat' dir='ltr'><strong>natum</strong></span> <span class='ocrx_word' id='word_1_96' title='bbox 609 1325 667 1376; x_wconf 89' lang='lat' dir='ltr'><strong>etc.</strong></span> <span class='ocrx_word' id='word_1_97' title='bbox 707 1314 841 1375; x_wconf 88' lang='lat' dir='ltr'><strong>lustinus</strong></span> <span class='ocrx_word' id='word_1_98' title='bbox 861 1312 918 1375; x_wconf 91' lang='lat' dir='ltr'><strong>lib.</strong></span> <span class='ocrx_word' id='word_1_99' title='bbox 941 1334 989 1393; x_wconf 71' lang='lat'><strong>23</strong></span> <span class='ocrx_word' id='word_1_100' title='bbox 1010 1313 1048 1374; x_wconf 91' lang='lat' dir='ltr'><strong>de</strong></span> <span class='ocrx_word' id='word_1_101' title='bbox 1067 1315 1246 1377; x_wconf 87' lang='lat' dir='ltr'><strong>eorumdem</strong></span> <span class='ocrx_word' id='word_1_102' title='bbox 1269 1339 1391 1380; x_wconf 82' lang='lat' dir='ltr'><strong>memora·</strong></span> 
     </span>
     <span class='ocr_line' id='line_1_14' title="bbox 329 1337 1391 1481; baseline 0.003 -23"><span class='ocrx_word' id='word_1_103' title='bbox 329 1337 385 1458; x_wconf 75' lang='lat' dir='ltr'><strong>liti</strong></span> <span class='ocrx_word' id='word_1_104' title='bbox 405 1397 566 1458; x_wconf 85' lang='lat' dir='ltr'><strong>concordia</strong></span> <span class='ocrx_word' id='word_1_105' title='bbox 594 1400 626 1458; x_wconf 87' lang='lat' dir='ltr'><strong>in</strong></span> <span class='ocrx_word' id='word_1_106' title='bbox 647 1398 792 1480; x_wconf 88' lang='lat' dir='ltr'><strong>petitione</strong></span> <span class='ocrx_word' id='word_1_107' title='bbox 819 1400 905 1481; x_wconf 79' lang='lat' dir='ltr'><strong>regni</strong></span> <span class='ocrx_word' id='word_1_108' title='bbox 924 1396 1119 1460; x_wconf 81' lang='lat' dir='ltr'><strong>Plutarchus·</strong></span> <span class='ocrx_word' id='word_1_109' title='bbox 1138 1395 1219 1462; x_wconf 90' lang='lat' dir='ltr'><strong>libro</strong></span> <span class='ocrx_word' id='word_1_110' title='bbox 1250 1400 1289 1462; x_wconf 89' lang='lat' dir='ltr'><strong>de</strong></span> <span class='ocrx_word' id='word_1_111' title='bbox 1309 1421 1391 1474; x_wconf 80' lang='lat' dir='ltr'><strong>arnon</strong></span> 
     </span>
     <span class='ocr_line' id='line_1_15' title="bbox 329 1481 1391 1566; baseline 0.008 -26"><span class='ocrx_word' id='word_1_112' title='bbox 329 1481 482 1558; x_wconf 81' lang='lat' dir='ltr'><strong>fraterno,</strong></span> <span class='ocrx_word' id='word_1_113' title='bbox 503 1482 577 1561; x_wconf 87' lang='lat' dir='ltr'><strong>ubi,</strong></span> <span class='ocrx_word' id='word_1_114' title='bbox 601 1501 693 1566; x_wconf 82' lang='lat' dir='ltr'><strong>qrrem</strong></span> <span class='ocrx_word' id='word_1_115' title='bbox 717 1481 849 1544; x_wconf 87' lang='lat' dir='ltr'><strong>lustinus</strong></span> <span class='ocrx_word' id='word_1_116' title='bbox 879 1481 1095 1560; x_wconf 87' lang='lat' dir='ltr'><strong>Artsmenem,</strong></span> <span class='ocrx_word' id='word_1_117' title='bbox 1132 1482 1197 1566; x_wconf 86' lang='lat' dir='ltr'><strong>ipse</strong></span> <span class='ocrx_word' id='word_1_118' title='bbox 1221 1483 1391 1548; x_wconf 82' lang='lat' dir='ltr'><strong>Ariamercn</strong></span> 
     </span>
     <span class='ocr_line' id='line_1_16' title="bbox 330 1576 598 1630; baseline 0.004 -4"><span class='ocrx_word' id='word_1_119' title='bbox 330 1576 428 1630; x_wconf 83' lang='lat' dir='ltr'><strong>vocat.</strong></span> <span class='ocrx_word' id='word_1_120' title='bbox 470 1583 598 1628; x_wconf 70' lang='lat' dir='ltr'><strong>norrun.</strong></span> 
     </span>
     <span class='ocr_line' id='line_1_17' title="bbox 413 1644 1153 1730; baseline 0.004 -21"><span class='ocrx_word' id='word_1_121' title='bbox 413 1647 491 1730; x_wconf 76' lang='lat' dir='ltr'><strong>Peg.</strong></span> <span class='ocrx_word' id='word_1_122' title='bbox 512 1668 561 1728; x_wconf 91' lang='lat' dir='ltr'><strong>rr,</strong></span> <span class='ocrx_word' id='word_1_123' title='bbox 586 1669 632 1718; x_wconf 83' lang='lat' dir='ltr'><strong>ra.</strong></span> <span class='ocrx_word' id='word_1_124' title='bbox 674 1644 730 1712; x_wconf 78' lang='lat' dir='ltr'><strong>sai</strong></span> <span class='ocrx_word' id='word_1_125' title='bbox 748 1659 819 1711; x_wconf 89' lang='lat' dir='ltr'><strong>ante</strong></span> <span class='ocrx_word' id='word_1_126' title='bbox 839 1647 998 1712; x_wconf 76' lang='lat' dir='ltr'><strong>Eddoar&#39;cv</strong></span> <span class='ocrx_word' id='word_1_127' title='bbox 1020 1667 1083 1712; x_wconf 89' lang='lat' dir='ltr'><strong>orn.</strong></span> <span class='ocrx_word' id='word_1_128' title='bbox 1107 1651 1153 1712; x_wconf 88' lang='grc' dir='ltr'><strong>Μ.</strong></span> 
     </span>
     <span class='ocr_line' id='line_1_18' title="bbox 413 1728 1391 1816; baseline 0.002 -24"><span class='ocrx_word' id='word_1_129' title='bbox 413 1729 491 1813; x_wconf 74' lang='lat' dir='ltr'><strong>ch.</strong></span> <span class='ocrx_word' id='word_1_130' title='bbox 514 1751 563 1811; x_wconf 91' lang='lat' dir='ltr'><strong>rr,</strong></span> <span class='ocrx_word' id='word_1_131' title='bbox 583 1733 632 1796; x_wconf 79' lang='lat'><strong>15.</strong></span> <span class='ocrx_word' id='word_1_132' title='bbox 673 1734 731 1814; x_wconf 78' lang='grc' dir='ltr'><strong>τῆς</strong></span> <span class='ocrx_word' id='word_1_133' title='bbox 753 1731 911 1812; x_wconf 72' lang='grc' dir='ltr'><strong><em>Οὕγγρίας</em></strong></span> <span class='ocrx_word' id='word_1_134' title='bbox 932 1729 1037 1814; x_wconf 76' lang='grc' dir='ltr'><strong><em>ῥηγός.</em></strong></span> <span class='ocrx_word' id='word_1_135' title='bbox 1079 1733 1234 1809; x_wconf 84' lang='lat' dir='ltr'><strong>Observa,</strong></span> <span class='ocrx_word' id='word_1_136' title='bbox 1261 1728 1391 1816; x_wconf 71' lang='grc' dir='ltr'><strong><em>Οόῃρία</em></strong></span> 
     </span>
     <span class='ocr_line' id='line_1_19' title="bbox 330 1815 1392 1898; baseline 0 -22"><span class='ocrx_word' id='word_1_137' title='bbox 330 1815 487 1876; x_wconf 76' lang='lat' dir='ltr'><strong>transferri</strong></span> <span class='ocrx_word' id='word_1_138' title='bbox 508 1816 708 1898; x_wconf 74' lang='lat' dir='ltr'><strong>Huagariam,</strong></span> <span class='ocrx_word' id='word_1_139' title='bbox 731 1817 849 1876; x_wconf 86' lang='lat' dir='ltr'><strong>temetsi</strong></span> <span class='ocrx_word' id='word_1_140' title='bbox 872 1818 996 1898; x_wconf 90' lang='lat' dir='ltr'><strong>spiritus</strong></span> <span class='ocrx_word' id='word_1_141' title='bbox 1016 1837 1079 1877; x_wconf 90' lang='lat' dir='ltr'><strong>non</strong></span> <span class='ocrx_word' id='word_1_142' title='bbox 1100 1820 1276 1894; x_wconf 88' lang='lat' dir='ltr'><strong>consentit,</strong></span> <span class='ocrx_word' id='word_1_143' title='bbox 1297 1839 1357 1879; x_wconf 89' lang='lat' dir='ltr'><strong>curn</strong></span> <span class='ocrx_word' id='word_1_144' title='bbox 1366 1819 1392 1877; x_wconf 93' lang='lat' dir='ltr'><strong>t</strong></span> 
     </span>
     <span class='ocr_line' id='line_1_20' title="bbox 330 1899 1392 1986; baseline -0.001 -27"><span class='ocrx_word' id='word_1_145' title='bbox 330 1901 364 1959; x_wconf 89' lang='lat' dir='ltr'><strong>in</strong></span> <span class='ocrx_word' id='word_1_146' title='bbox 397 1899 511 1962; x_wconf 87' lang='lat' dir='ltr'><strong>Graeca</strong></span> <span class='ocrx_word' id='word_1_147' title='bbox 546 1920 620 1961; x_wconf 84' lang='lat' dir='ltr'><strong>voce</strong></span> <span class='ocrx_word' id='word_1_148' title='bbox 648 1900 755 1960; x_wconf 83' lang='lat' dir='ltr'><strong>lenis:</strong></span> <span class='ocrx_word' id='word_1_149' title='bbox 792 1909 823 1959; x_wconf 86' lang='lat' dir='ltr'><strong>et</strong></span> <span class='ocrx_word' id='word_1_150' title='bbox 859 1899 962 1986; x_wconf 77' lang='lat' dir='ltr'><strong>Ungri</strong></span> <span class='ocrx_word' id='word_1_151' title='bbox 995 1899 1126 1983; x_wconf 91' lang='lat' dir='ltr'><strong>populus</strong></span> <span class='ocrx_word' id='word_1_152' title='bbox 1154 1905 1345 1963; x_wconf 84' lang='lat' dir='ltr'><strong>nominantur</strong></span> <span class='ocrx_word' id='word_1_153' title='bbox 1364 1899 1392 1959; x_wconf 82' lang='lat' dir='ltr'><strong>ad</strong></span> 
     </span>
     <span class='ocr_line' id='line_1_21' title="bbox 331 1981 1392 2061; baseline 0.002 -21"><span class='ocrx_word' id='word_1_154' title='bbox 331 1982 457 2046; x_wconf 88' lang='lat' dir='ltr'><strong>Istrum.</strong></span> <span class='ocrx_word' id='word_1_155' title='bbox 499 1981 770 2044; x_wconf 75' lang='lat' dir='ltr'><strong>sacramencum</strong></span> <span class='ocrx_word' id='word_1_156' title='bbox 793 1983 883 2042; x_wconf 90' lang='lat' dir='ltr'><strong>etiam</strong></span> <span class='ocrx_word' id='word_1_157' title='bbox 906 2003 923 2044; x_wconf 89' lang='lat' dir='ltr'><strong>e</strong></span> <span class='ocrx_word' id='word_1_158' title='bbox 945 1983 1120 2058; x_wconf 86' lang='lat' dir='ltr'><strong>Germania,</strong></span> <span class='ocrx_word' id='word_1_159' title='bbox 1142 1983 1304 2061; x_wconf 80' lang='lat' dir='ltr'><strong>sabaudia,</strong></span> <span class='ocrx_word' id='word_1_160' title='bbox 1327 1981 1392 2043; x_wconf 84' lang='lat' dir='ltr'><strong>ltalia</strong></span> 
     </span>
     <span class='ocr_line' id='line_1_22' title="bbox 330 2063 1392 2148; baseline 0.003 -25"><span class='ocrx_word' id='word_1_161' title='bbox 330 2063 487 2146; x_wconf 81' lang='lat' dir='ltr'><strong>Byzantini</strong></span> <span class='ocrx_word' id='word_1_162' title='bbox 511 2067 706 2146; x_wconf 88' lang='lat' dir='ltr'><strong>imperatores</strong></span> <span class='ocrx_word' id='word_1_163' title='bbox 728 2065 785 2125; x_wconf 90' lang='lat' dir='ltr'><strong>sibi</strong></span> <span class='ocrx_word' id='word_1_164' title='bbox 815 2068 958 2148; x_wconf 83' lang='lat' dir='ltr'><strong>coniuges</strong></span> <span class='ocrx_word' id='word_1_165' title='bbox 979 2067 1187 2141; x_wconf 83' lang='lat' dir='ltr'><strong>adsciverint,</strong></span> <span class='ocrx_word' id='word_1_166' title='bbox 1211 2090 1269 2130; x_wconf 91' lang='lat' dir='ltr'><strong>cur</strong></span> <span class='ocrx_word' id='word_1_167' title='bbox 1295 2089 1348 2128; x_wconf 88' lang='lat' dir='ltr'><strong>non</strong></span> <span class='ocrx_word' id='word_1_168' title='bbox 1368 2087 1392 2126; x_wconf 82' lang='grc' dir='ltr'><strong><em>α</em></strong></span> 
     </span>
     <span class='ocr_line' id='line_1_23' title="bbox 331 2147 1392 2234; baseline 0.001 -27"><span class='ocrx_word' id='word_1_169' title='bbox 331 2149 432 2208; x_wconf 84' lang='lat' dir='ltr'><strong>vicina</strong></span> <span class='ocrx_word' id='word_1_170' title='bbox 460 2147 640 2229; x_wconf 81' lang='lat' dir='ltr'><strong>Hungaria?</strong></span> <span class='ocrx_word' id='word_1_171' title='bbox 669 2149 778 2210; x_wconf 88' lang='lat' dir='ltr'><strong>Graeci</strong></span> <span class='ocrx_word' id='word_1_172' title='bbox 800 2169 893 2230; x_wconf 90' lang='lat' dir='ltr'><strong>porro</strong></span> <span class='ocrx_word' id='word_1_173' title='bbox 918 2151 1098 2230; x_wconf 87' lang='lat' dir='ltr'><strong>posteriores</strong></span> <span class='ocrx_word' id='word_1_174' title='bbox 1126 2149 1261 2232; x_wconf 90' lang='lat' dir='ltr'><strong>plurima</strong></span> <span class='ocrx_word' id='word_1_175' title='bbox 1287 2151 1392 2234; x_wconf 73' lang='lat' dir='ltr'><strong>dignita·</strong></span> 
     </span>
     <span class='ocr_line' id='line_1_24' title="bbox 330 2231 1393 2316; baseline 0.004 -28"><span class='ocrx_word' id='word_1_176' title='bbox 330 2239 418 2309; x_wconf 92' lang='lat' dir='ltr'><strong>tum,</strong></span> <span class='ocrx_word' id='word_1_177' title='bbox 441 2233 671 2311; x_wconf 79' lang='lat' dir='ltr'><strong>magistratuum</strong></span> <span class='ocrx_word' id='word_1_178' title='bbox 695 2253 730 2292; x_wconf 91' lang='lat' dir='ltr'><strong>ac</strong></span> <span class='ocrx_word' id='word_1_179' title='bbox 750 2241 933 2314; x_wconf 87' lang='lat' dir='ltr'><strong>potestatum</strong></span> <span class='ocrx_word' id='word_1_180' title='bbox 952 2231 1101 2293; x_wconf 84' lang='lat' dir='ltr'><strong>vocabula</strong></span> <span class='ocrx_word' id='word_1_181' title='bbox 1126 2245 1180 2294; x_wconf 86' lang='lat' dir='ltr'><strong>aut</strong></span> <span class='ocrx_word' id='word_1_182' title='bbox 1204 2237 1311 2296; x_wconf 84' lang='lat' dir='ltr'><strong>Latina</strong></span> <span class='ocrx_word' id='word_1_183' title='bbox 1327 2253 1393 2316; x_wconf 88' lang='lat' dir='ltr'><strong>pror·</strong></span> 
     </span>
     <span class='ocr_line' id='line_1_25' title="bbox 332 2313 1393 2398; baseline 0.002 -27"><span class='ocrx_word' id='word_1_184' title='bbox 332 2333 394 2384; x_wconf 89' lang='lat' dir='ltr'><strong>sus,</strong></span> <span class='ocrx_word' id='word_1_185' title='bbox 417 2324 470 2372; x_wconf 90' lang='lat' dir='ltr'><strong>aut</strong></span> <span class='ocrx_word' id='word_1_186' title='bbox 487 2315 703 2398; x_wconf 85' lang='lat' dir='ltr'><strong>Latinograeca</strong></span> <span class='ocrx_word' id='word_1_187' title='bbox 725 2336 777 2375; x_wconf 90' lang='lat' dir='ltr'><strong>seu</strong></span> <span class='ocrx_word' id='word_1_188' title='bbox 795 2315 835 2375; x_wconf 91' lang='lat' dir='ltr'><strong>ad</strong></span> <span class='ocrx_word' id='word_1_189' title='bbox 846 2317 976 2375; x_wconf 77' lang='lat' dir='ltr'><strong>Graecas</strong></span> <span class='ocrx_word' id='word_1_190' title='bbox 991 2313 1132 2377; x_wconf 81' lang='lat' dir='ltr'><strong>ileriones</strong></span> <span class='ocrx_word' id='word_1_191' title='bbox 1150 2317 1271 2379; x_wconf 83' lang='lat' dir='ltr'><strong>detorta</strong></span> <span class='ocrx_word' id='word_1_192' title='bbox 1288 2329 1315 2378; x_wconf 89' lang='lat' dir='ltr'><strong>et</strong></span> <span class='ocrx_word' id='word_1_193' title='bbox 1335 2336 1393 2376; x_wconf 89' lang='lat' dir='ltr'><strong>non·</strong></span> 
     </span>
     <span class='ocr_line' id='line_1_26' title="bbox 327 2392 1392 2478; baseline -0.001 -22"><span class='ocrx_word' id='word_1_194' title='bbox 327 2395 407 2456; x_wconf 84' lang='lat' dir='ltr'><strong>nihil</strong></span> <span class='ocrx_word' id='word_1_195' title='bbox 426 2397 584 2459; x_wconf 86' lang='lat' dir='ltr'><strong>immutata</strong></span> <span class='ocrx_word' id='word_1_196' title='bbox 608 2419 661 2459; x_wconf 91' lang='lat' dir='ltr'><strong>seu</strong></span> <span class='ocrx_word' id='word_1_197' title='bbox 681 2392 1006 2478; x_wconf 64' lang='lat' dir='ltr'><strong>‘Eiipvcscp‘lciossapm</strong></span> <span class='ocrx_word' id='word_1_198' title='bbox 1024 2419 1061 2460; x_wconf 81' lang='lat' dir='ltr'><strong>ex</strong></span> <span class='ocrx_word' id='word_1_199' title='bbox 1083 2403 1274 2462; x_wconf 84' lang='lat' dir='ltr'><strong>commerciis</strong></span> <span class='ocrx_word' id='word_1_200' title='bbox 1295 2400 1392 2462; x_wconf 74' lang='lat' dir='ltr'><strong>sessim</strong></span> 
     </span>
     <span class='ocr_line' id='line_1_27' title="bbox 330 2481 1393 2567; baseline 0.003 -28"><span class='ocrx_word' id='word_1_201' title='bbox 330 2488 362 2539; x_wconf 91' lang='lat' dir='ltr'><strong>et</strong></span> <span class='ocrx_word' id='word_1_202' title='bbox 386 2481 603 2542; x_wconf 88' lang='lat' dir='ltr'><strong>consuetudine</strong></span> <span class='ocrx_word' id='word_1_203' title='bbox 622 2501 693 2542; x_wconf 87' lang='lat' dir='ltr'><strong>cunr</strong></span> <span class='ocrx_word' id='word_1_204' title='bbox 710 2482 836 2557; x_wconf 87' lang='lat' dir='ltr'><strong>Latinis,</strong></span> <span class='ocrx_word' id='word_1_205' title='bbox 861 2481 1074 2548; x_wconf 86' lang='lat' dir='ltr'><strong>adhibuerunt.</strong></span> <span class='ocrx_word' id='word_1_206' title='bbox 1117 2484 1196 2544; x_wconf 89' lang='lat' dir='ltr'><strong>Cum</strong></span> <span class='ocrx_word' id='word_1_207' title='bbox 1223 2487 1315 2567; x_wconf 78' lang='lat' dir='ltr'><strong>igitur</strong></span> <span class='ocrx_word' id='word_1_208' title='bbox 1333 2483 1393 2542; x_wconf 89' lang='lat' dir='ltr'><strong>Con·</strong></span> 
     </span>
     <span class='ocr_line' id='line_1_28' title="bbox 330 2557 1394 2648; baseline 0.005 -26"><span class='ocrx_word' id='word_1_209' title='bbox 330 2563 633 2644; x_wconf 83' lang='lat' dir='ltr'><strong>stantinopolitanum</strong></span> <span class='ocrx_word' id='word_1_210' title='bbox 658 2585 775 2646; x_wconf 88' lang='lat' dir='ltr'><strong>semper</strong></span> <span class='ocrx_word' id='word_1_211' title='bbox 799 2561 934 2642; x_wconf 75' lang='grc' dir='ltr'><strong><em>βασιλέα</em></strong></span> <span class='ocrx_word' id='word_1_212' title='bbox 953 2567 1105 2643; x_wconf 90' lang='lat' dir='ltr'><strong>nominet,</strong></span> <span class='ocrx_word' id='word_1_213' title='bbox 1127 2587 1215 2648; x_wconf 84' lang='lat' dir='ltr'><strong>reges</strong></span> <span class='ocrx_word' id='word_1_214' title='bbox 1238 2579 1333 2628; x_wconf 86' lang='lat' dir='ltr'><strong>autem</strong></span> <span class='ocrx_word' id='word_1_215' title='bbox 1353 2557 1394 2645; x_wconf 63' lang='grc' dir='ltr'><strong>ῥῆ-</strong></span> 
     </span>
     <span class='ocr_line' id='line_1_29' title="bbox 329 2648 1394 2732; baseline 0.002 -28"><span class='ocrx_word' id='word_1_216' title='bbox 329 2665 389 2724; x_wconf 64' lang='lat' dir='ltr'><strong>yae</strong></span> <span class='ocrx_word' id='word_1_217' title='bbox 412 2648 545 2728; x_wconf 81' lang='lat' dir='ltr'><strong>(excepto</strong></span> <span class='ocrx_word' id='word_1_218' title='bbox 563 2651 738 2710; x_wconf 88' lang='lat' dir='ltr'><strong>Moesorum</strong></span> <span class='ocrx_word' id='word_1_219' title='bbox 759 2667 850 2728; x_wconf 74' lang='lat' dir='ltr'><strong>rege,</strong></span> <span class='ocrx_word' id='word_1_220' title='bbox 871 2668 982 2730; x_wconf 89' lang='lat' dir='ltr'><strong>quern,</strong></span> <span class='ocrx_word' id='word_1_221' title='bbox 1003 2648 1028 2708; x_wconf 89' lang='lat' dir='ltr'><strong>si</strong></span> <span class='ocrx_word' id='word_1_222' title='bbox 1051 2651 1198 2728; x_wconf 84' lang='lat' dir='ltr'><strong>memini,</strong></span> <span class='ocrx_word' id='word_1_223' title='bbox 1226 2671 1320 2732; x_wconf 88' lang='lat' dir='ltr'><strong>paene</strong></span> <span class='ocrx_word' id='word_1_224' title='bbox 1334 2665 1394 2711; x_wconf 84' lang='lat' dir='ltr'><strong>nnn-</strong></span> 
     </span>
     <span class='ocr_line' id='line_1_30' title="bbox 330 2729 1392 2814; baseline 0.005 -27"><span class='ocrx_word' id='word_1_225' title='bbox 330 2747 424 2810; x_wconf 87' lang='lat' dir='ltr'><strong>quam</strong></span> <span class='ocrx_word' id='word_1_226' title='bbox 450 2750 512 2790; x_wconf 90' lang='lat' dir='ltr'><strong>non</strong></span> <span class='ocrx_word' id='word_1_227' title='bbox 539 2732 597 2791; x_wconf 79' lang='lat' dir='ltr'><strong>rori</strong></span> <span class='ocrx_word' id='word_1_228' title='bbox 617 2729 772 2809; x_wconf 75' lang='grc' dir='ltr'><strong><em>βασιλέως</em></strong></span> <span class='ocrx_word' id='word_1_229' title='bbox 791 2732 914 2790; x_wconf 90' lang='lat' dir='ltr'><strong>nominc</strong></span> <span class='ocrx_word' id='word_1_230' title='bbox 936 2730 1091 2812; x_wconf 68' lang='lat' dir='ltr'><strong>dignatum</strong></span> <span class='ocrx_word' id='word_1_231' title='bbox 1114 2754 1208 2814; x_wconf 89' lang='lat' dir='ltr'><strong>quam</strong></span> <span class='ocrx_word' id='word_1_232' title='bbox 1223 2734 1266 2796; x_wconf 91' lang='lat' dir='ltr'><strong>ob</strong></span> <span class='ocrx_word' id='word_1_233' title='bbox 1287 2749 1392 2802; x_wconf 68' lang='lat' dir='ltr'><strong>ausen,</strong></span> 
     </span>
     <span class='ocr_line' id='line_1_31' title="bbox 329 2808 1392 2898; baseline 0.001 -29"><span class='ocrx_word' id='word_1_234' title='bbox 329 2831 392 2870; x_wconf 93' lang='lat' dir='ltr'><strong>non</strong></span> <span class='ocrx_word' id='word_1_235' title='bbox 417 2811 542 2894; x_wconf 89' lang='lat' dir='ltr'><strong>dispicio</strong></span> <span class='ocrx_word' id='word_1_236' title='bbox 554 2817 580 2893; x_wconf 69' lang='grc' dir='ltr'><strong>ς)</strong></span> <span class='ocrx_word' id='word_1_237' title='bbox 602 2815 722 2874; x_wconf 87' lang='lat' dir='ltr'><strong>videtur</strong></span> <span class='ocrx_word' id='word_1_238' title='bbox 742 2811 893 2874; x_wconf 79' lang='lat' dir='ltr'><strong>voc‘abulo</strong></span> <span class='ocrx_word' id='word_1_239' title='bbox 907 2808 1057 2891; x_wconf 76' lang='grc' dir='ltr'><strong><em>βασιλεύς</em></strong></span> <span class='ocrx_word' id='word_1_240' title='bbox 1077 2817 1225 2896; x_wconf 86' lang='lat' dir='ltr'><strong>quiddam</strong></span> <span class='ocrx_word' id='word_1_241' title='bbox 1249 2815 1392 2898; x_wconf 81' lang='lat' dir='ltr'><strong>ampliaret</strong></span> 
     </span>
     <span class='ocr_line' id='line_1_32' title="bbox 328 2895 1392 2982; baseline 0.002 -26"><span class='ocrx_word' id='word_1_242' title='bbox 328 2895 427 2956; x_wconf 84' lang='lat' dir='ltr'><strong>maius</strong></span> <span class='ocrx_word' id='word_1_243' title='bbox 451 2897 619 2978; x_wconf 83' lang='lat' dir='ltr'><strong>significare</strong></span> <span class='ocrx_word' id='word_1_244' title='bbox 638 2895 780 2970; x_wconf 84' lang='lat' dir='ltr'><strong>voluisse,</strong></span> <span class='ocrx_word' id='word_1_245' title='bbox 802 2915 894 2977; x_wconf 89' lang='lat' dir='ltr'><strong>quam</strong></span> <span class='ocrx_word' id='word_1_246' title='bbox 915 2917 971 2957; x_wconf 89' lang='lat' dir='ltr'><strong>nos</strong></span> <span class='ocrx_word' id='word_1_247' title='bbox 990 2917 1064 2958; x_wconf 86' lang='lat' dir='ltr'><strong>voce</strong></span> <span class='ocrx_word' id='word_1_248' title='bbox 1083 2919 1142 2961; x_wconf 75' lang='lat' dir='ltr'><strong>mx</strong></span> <span class='ocrx_word' id='word_1_249' title='bbox 1161 2900 1327 2982; x_wconf 81' lang='lat' dir='ltr'><strong>significare</strong></span> <span class='ocrx_word' id='word_1_250' title='bbox 1340 2915 1392 2957; x_wconf 80' lang='lat' dir='ltr'><strong>om·</strong></span> 
     </span>
     <span class='ocr_line' id='line_1_33' title="bbox 329 2979 1391 3062; baseline -0.001 -23"><span class='ocrx_word' id='word_1_251' title='bbox 329 2981 493 3042; x_wconf 81' lang='lat' dir='ltr'><strong>saevimus.</strong></span> <span class='ocrx_word' id='word_1_252' title='bbox 534 2981 576 3041; x_wconf 86' lang='lat' dir='ltr'><strong>Et</strong></span> <span class='ocrx_word' id='word_1_253' title='bbox 597 2991 782 3062; x_wconf 80' lang='lat' dir='ltr'><strong>quamquam</strong></span> <span class='ocrx_word' id='word_1_254' title='bbox 805 2979 914 3040; x_wconf 88' lang='lat' dir='ltr'><strong>Graeci</strong></span> <span class='ocrx_word' id='word_1_255' title='bbox 937 2999 1038 3062; x_wconf 83' lang='lat' dir='ltr'><strong>regem</strong></span> <span class='ocrx_word' id='word_1_256' title='bbox 1057 2981 1192 3060; x_wconf 74' lang='grc' dir='ltr'><strong><em>βασιλέα</em></strong></span> <span class='ocrx_word' id='word_1_257' title='bbox 1214 2983 1336 3054; x_wconf 86' lang='lat' dir='ltr'><strong>dicuat,</strong></span> <span class='ocrx_word' id='word_1_258' title='bbox 1360 2981 1391 3038; x_wconf 86' lang='lat' dir='ltr'><strong>ni·</strong></span> 
     </span>
     <span class='ocr_line' id='line_1_34' title="bbox 329 3059 1391 3146; baseline 0.002 -25"><span class='ocrx_word' id='word_1_259' title='bbox 329 3059 395 3124; x_wconf 88' lang='lat' dir='ltr'><strong>hilo</strong></span> <span class='ocrx_word' id='word_1_260' title='bbox 416 3065 518 3126; x_wconf 91' lang='lat' dir='ltr'><strong>minus</strong></span> <span class='ocrx_word' id='word_1_261' title='bbox 537 3063 644 3124; x_wconf 90' lang='lat' dir='ltr'><strong>eodem</strong></span> <span class='ocrx_word' id='word_1_262' title='bbox 667 3061 818 3126; x_wconf 88' lang='lat' dir='ltr'><strong>vocabulo</strong></span> <span class='ocrx_word' id='word_1_263' title='bbox 839 3066 1054 3146; x_wconf 86' lang='lat' dir='ltr'><strong>imperatorem</strong></span> <span class='ocrx_word' id='word_1_264' title='bbox 1081 3067 1174 3126; x_wconf 85' lang='lat' dir='ltr'><strong>ctiam</strong></span> <span class='ocrx_word' id='word_1_265' title='bbox 1195 3065 1391 3128; x_wconf 79' lang='lat' dir='ltr'><strong>Romannnd</strong></span> 
     </span>
     <span class='ocr_line' id='line_1_35' title="bbox 327 3142 1391 3230; baseline 0.005 -27"><span class='ocrx_word' id='word_1_266' title='bbox 327 3142 503 3228; x_wconf 78' lang='lat' dir='ltr'><strong>Augustum</strong></span> <span class='ocrx_word' id='word_1_267' title='bbox 522 3151 703 3230; x_wconf 84' lang='lat' dir='ltr'><strong>exprimunt.</strong></span> <span class='ocrx_word' id='word_1_268' title='bbox 744 3147 817 3207; x_wconf 91' lang='lat' dir='ltr'><strong>Duo</strong></span> <span class='ocrx_word' id='word_1_269' title='bbox 842 3147 998 3208; x_wconf 86' lang='lat' dir='ltr'><strong>dumtaxat</strong></span> <span class='ocrx_word' id='word_1_270' title='bbox 1024 3149 1185 3228; x_wconf 87' lang='lat' dir='ltr'><strong>scriptores</strong></span> <span class='ocrx_word' id='word_1_271' title='bbox 1211 3152 1391 3216; x_wconf 83' lang='lat' dir='ltr'><strong>nominantur,</strong></span> 
     </span>
     <span class='ocr_line' id='line_1_36' title="bbox 328 3221 1391 3312; baseline 0.005 -25"><span class='ocrx_word' id='word_1_272' title='bbox 328 3231 382 3308; x_wconf 89' lang='lat' dir='ltr'><strong>qui</strong></span> <span class='ocrx_word' id='word_1_273' title='bbox 400 3230 553 3290; x_wconf 90' lang='lat' dir='ltr'><strong>interdum</strong></span> <span class='ocrx_word' id='word_1_274' title='bbox 579 3221 798 3310; x_wconf 67' lang='grc' dir='ltr'><strong><em>αὐτοκράτορα</em></strong></span> <span class='ocrx_word' id='word_1_275' title='bbox 821 3228 996 3312; x_wconf 86' lang='lat' dir='ltr'><strong>appellent,</strong></span> <span class='ocrx_word' id='word_1_276' title='bbox 1022 3229 1208 3294; x_wconf 88' lang='lat' dir='ltr'><strong>Plutarchus</strong></span> <span class='ocrx_word' id='word_1_277' title='bbox 1227 3244 1261 3294; x_wconf 92' lang='lat' dir='ltr'><strong>et</strong></span> <span class='ocrx_word' id='word_1_278' title='bbox 1280 3229 1391 3292; x_wconf 68' lang='lat' dir='ltr'><strong>Haste</strong></span> 
     </span>
     <span class='ocr_line' id='line_1_37' title="bbox 327 3307 1391 3396; baseline 0.004 -26"><span class='ocrx_word' id='word_1_279' title='bbox 327 3329 396 3371; x_wconf 89' lang='lat' dir='ltr'><strong>nus.</strong></span> <span class='ocrx_word' id='word_1_280' title='bbox 439 3312 646 3389; x_wconf 87' lang='lat' dir='ltr'><strong>Quamobrem</strong></span> <span class='ocrx_word' id='word_1_281' title='bbox 667 3313 785 3396; x_wconf 90' lang='lat' dir='ltr'><strong>quoties</strong></span> <span class='ocrx_word' id='word_1_282' title='bbox 814 3313 846 3374; x_wconf 88' lang='lat' dir='ltr'><strong>in</strong></span> <span class='ocrx_word' id='word_1_283' title='bbox 868 3314 926 3375; x_wconf 85' lang='lat' dir='ltr'><strong>hac</strong></span> <span class='ocrx_word' id='word_1_284' title='bbox 955 3313 1082 3375; x_wconf 88' lang='lat' dir='ltr'><strong>historia</strong></span> <span class='ocrx_word' id='word_1_285' title='bbox 1115 3335 1175 3376; x_wconf 84' lang='lat' dir='ltr'><strong>vox</strong></span> <span class='ocrx_word' id='word_1_286' title='bbox 1202 3307 1391 3393; x_wconf 68' lang='grc' dir='ltr'><strong><em>βασιλεῦςὼ</em></strong></span> 
     </span>
     <span class='ocr_line' id='line_1_38' title="bbox 326 3393 1391 3486; baseline 0.009 -32"><span class='ocrx_word' id='word_1_287' title='bbox 326 3393 664 3478; x_wconf 84' lang='lat' dir='ltr'><strong>Constantinopolitano</strong></span> <span class='ocrx_word' id='word_1_288' title='bbox 680 3396 815 3478; x_wconf 88' lang='lat' dir='ltr'><strong>principe</strong></span> <span class='ocrx_word' id='word_1_289' title='bbox 836 3396 982 3475; x_wconf 90' lang='lat' dir='ltr'><strong>occurrit,</strong></span> <span class='ocrx_word' id='word_1_290' title='bbox 1004 3399 1146 3474; x_wconf 88' lang='lat' dir='ltr'><strong>(occurrit</strong></span> <span class='ocrx_word' id='word_1_291' title='bbox 1162 3397 1266 3460; x_wconf 84' lang='lat' dir='ltr'><strong>airtem</strong></span> <span class='ocrx_word' id='word_1_292' title='bbox 1289 3393 1391 3486; x_wconf 59' lang='lat' dir='ltr'><strong>milliari</strong></span> 
     </span>
     <span class='ocr_line' id='line_1_39' title="bbox 326 3479 1390 3563; baseline 0.008 -28"><span class='ocrx_word' id='word_1_293' title='bbox 326 3496 391 3536; x_wconf 88' lang='lat' dir='ltr'><strong>non</strong></span> <span class='ocrx_word' id='word_1_294' title='bbox 409 3497 483 3551; x_wconf 80' lang='lat' dir='ltr'><strong>rex,</strong></span> <span class='ocrx_word' id='word_1_295' title='bbox 519 3480 571 3540; x_wconf 87' lang='lat' dir='ltr'><strong>sed</strong></span> <span class='ocrx_word' id='word_1_296' title='bbox 591 3482 756 3563; x_wconf 85' lang='lat' dir='ltr'><strong>imperator</strong></span> <span class='ocrx_word' id='word_1_297' title='bbox 784 3479 939 3542; x_wconf 88' lang='lat' dir='ltr'><strong>reddenda</strong></span> <span class='ocrx_word' id='word_1_298' title='bbox 959 3491 1014 3542; x_wconf 90' lang='lat' dir='ltr'><strong>est.</strong></span> <span class='ocrx_word' id='word_1_299' title='bbox 1056 3480 1123 3542; x_wconf 90' lang='lat' dir='ltr'><strong>Non</strong></span> <span class='ocrx_word' id='word_1_300' title='bbox 1153 3503 1204 3542; x_wconf 92' lang='lat' dir='ltr'><strong>me</strong></span> <span class='ocrx_word' id='word_1_301' title='bbox 1232 3481 1323 3558; x_wconf 87' lang='lat' dir='ltr'><strong>latet,</strong></span> <span class='ocrx_word' id='word_1_302' title='bbox 1350 3489 1390 3534; x_wconf 67' lang='lat' dir='ltr'><strong>tm</strong></span> 
     </span>
     <span class='ocr_line' id='line_1_40' title="bbox 327 3558 1389 3646; baseline 0.002 -26"><span class='ocrx_word' id='word_1_303' title='bbox 327 3558 404 3620; x_wconf 87' lang='lat' dir='ltr'><strong>lrncc</strong></span> <span class='ocrx_word' id='word_1_304' title='bbox 423 3563 548 3622; x_wconf 90' lang='lat' dir='ltr'><strong>nomina</strong></span> <span class='ocrx_word' id='word_1_305' title='bbox 564 3563 704 3623; x_wconf 90' lang='lat' dir='ltr'><strong>eumdem</strong></span> <span class='ocrx_word' id='word_1_306' title='bbox 723 3559 886 3644; x_wconf 88' lang='lat' dir='ltr'><strong>aliquando</strong></span> <span class='ocrx_word' id='word_1_307' title='bbox 917 3565 1055 3646; x_wconf 73' lang='lat' dir='ltr'><strong>gessisse,</strong></span> <span class='ocrx_word' id='word_1_308' title='bbox 1082 3559 1256 3644; x_wconf 73' lang='grc' dir='ltr'><strong><em>βασιλαύς,</em></strong></span> <span class='ocrx_word' id='word_1_309' title='bbox 1278 3564 1389 3636; x_wconf 69' lang='grc' dir='ltr'><strong><em>Καῖσαρ,</em></strong></span> 
     </span>
     <span class='ocr_line' id='line_1_41' title="bbox 327 3638 1391 3727; baseline 0.006 -23"><span class='ocrx_word' id='word_1_310' title='bbox 327 3638 492 3722; x_wconf 77' lang='grc' dir='ltr'><strong><em>σεβαστός.</em></strong></span> <span class='ocrx_word' id='word_1_311' title='bbox 533 3646 649 3708; x_wconf 87' lang='lat' dir='ltr'><strong>Verum</strong></span> <span class='ocrx_word' id='word_1_312' title='bbox 670 3665 705 3706; x_wconf 86' lang='lat' dir='ltr'><strong>ea</strong></span> <span class='ocrx_word' id='word_1_313' title='bbox 727 3646 810 3707; x_wconf 86' lang='lat' dir='ltr'><strong>aliud</strong></span> <span class='ocrx_word' id='word_1_314' title='bbox 831 3668 893 3707; x_wconf 91' lang='lat' dir='ltr'><strong>non</strong></span> <span class='ocrx_word' id='word_1_315' title='bbox 917 3655 1014 3724; x_wconf 87' lang='lat' dir='ltr'><strong>sunt,</strong></span> <span class='ocrx_word' id='word_1_316' title='bbox 1036 3666 1130 3727; x_wconf 86' lang='lat' dir='ltr'><strong>quam</strong></span> <span class='ocrx_word' id='word_1_317' title='bbox 1160 3649 1166 3662; x_wconf 92' lang='lat'>&#39;</span> <span class='ocrx_word' id='word_1_318' title='bbox 1233 3661 1323 3722; x_wconf 81' lang='lat' dir='ltr'><strong>rator,</strong></span> <span class='ocrx_word' id='word_1_319' title='bbox 1337 3643 1391 3703; x_wconf 61' lang='grc' dir='ltr'><strong>ΕΜ·</strong></span> 
     </span>
     <span class='ocr_line' id='line_1_42' title="bbox 326 3669 1390 3816; baseline 0.008 -31"><span class='ocrx_word' id='word_1_320' title='bbox 326 3747 387 3802; x_wconf 82' lang='lat' dir='ltr'><strong>scr,</strong></span> <span class='ocrx_word' id='word_1_321' title='bbox 407 3725 564 3809; x_wconf 74' lang='lat' dir='ltr'><strong>Augrnms.</strong></span> <span class='ocrx_word' id='word_1_322' title='bbox 604 3729 660 3790; x_wconf 87' lang='lat' dir='ltr'><strong>Est</strong></span> <span class='ocrx_word' id='word_1_323' title='bbox 681 3749 751 3807; x_wconf 67' lang='lat' dir='ltr'><strong>ergo</strong></span> <span class='ocrx_word' id='word_1_324' title='bbox 771 3731 804 3789; x_wconf 93' lang='lat' dir='ltr'><strong>in</strong></span> <span class='ocrx_word' id='word_1_325' title='bbox 826 3728 908 3791; x_wconf 86' lang='lat' dir='ltr'><strong>hisce</strong></span> <span class='ocrx_word' id='word_1_326' title='bbox 928 3729 1013 3791; x_wconf 88' lang='lat' dir='ltr'><strong>libris</strong></span> <span class='ocrx_word' id='word_1_327' title='bbox 1037 3741 1099 3790; x_wconf 89' lang='lat' dir='ltr'><strong>non</strong></span> <span class='ocrx_word' id='word_1_328' title='bbox 1128 3669 1233 3792; x_wconf 52' lang='lat' dir='ltr'><strong>mppge</strong></span> <span class='ocrx_word' id='word_1_329' title='bbox 1252 3723 1390 3816; x_wconf 68' lang='lat' dir='ltr'><strong>Odnot&#39;ttfr</strong></span> 
     </span>
     <span class='ocr_line' id='line_1_43' title="bbox 324 3803 1390 3896; baseline 0.003 -26"><span class='ocrx_word' id='word_1_330' title='bbox 324 3803 501 3890; x_wconf 77' lang='grc' dir='ltr'><strong><em>Ἀρμενίας,</em></strong></span> <span class='ocrx_word' id='word_1_331' title='bbox 522 3808 696 3893; x_wconf 77' lang='grc' dir='ltr'><strong><em>Ῥαονὴνας</em></strong></span> <span class='ocrx_word' id='word_1_332' title='bbox 717 3804 1252 3896; x_wconf 63' lang='lat' dir='ltr'><strong>(Pctilwqclegendum),‘l(o&#39;npoo,</strong></span> <span class='ocrx_word' id='word_1_333' title='bbox 1277 3810 1390 3873; x_wconf 69' lang='lat' dir='ltr'><strong>Kmtlfl·</strong></span> 
     </span>
     <span class='ocr_line' id='line_1_44' title="bbox 325 3888 1388 3978; baseline 0.008 -28"><span class='ocrx_word' id='word_1_334' title='bbox 325 3910 409 3970; x_wconf 77' lang='grc' dir='ltr'><strong><em>νων,</em></strong></span> <span class='ocrx_word' id='word_1_335' title='bbox 435 3893 587 3976; x_wconf 82' lang='lat' dir='ltr'><strong>semelque</strong></span> <span class='ocrx_word' id='word_1_336' title='bbox 607 3897 766 3956; x_wconf 90' lang='lat' dir='ltr'><strong>etiterum</strong></span> <span class='ocrx_word' id='word_1_337' title='bbox 792 3891 920 3958; x_wconf 78' lang='grc' dir='ltr'><strong><em>Μύσων</em></strong></span> <span class='ocrx_word' id='word_1_338' title='bbox 940 3892 1018 3978; x_wconf 78' lang='grc' dir='ltr'><strong>ρῆξ,</strong></span> <span class='ocrx_word' id='word_1_339' title='bbox 1045 3895 1098 3957; x_wconf 87' lang='lat' dir='ltr'><strong>scd</strong></span> <span class='ocrx_word' id='word_1_340' title='bbox 1127 3899 1222 3958; x_wconf 86' lang='lat' dir='ltr'><strong>etiam</strong></span> <span class='ocrx_word' id='word_1_341' title='bbox 1245 3888 1388 3972; x_wconf 70' lang='lat' dir='ltr'><strong>demlot</strong></span> 
     </span>
    </p>
   </div>
   <div class='ocr_carea' id='block_1_3' title="bbox 315 3965 1390 4225">
    <p class='ocr_par' dir='ltr' id='par_1_3' title="bbox 315 3965 1390 4225">
     <span class='ocr_line' id='line_1_45' title="bbox 315 3965 1390 4060; baseline -0.009 -19"><span class='ocrx_word' id='word_1_342' title='bbox 315 3965 412 4051; x_wconf 73' lang='grc' dir='ltr'><strong><em>’ῥῆξε</em></strong></span> <span class='ocrx_word' id='word_1_343' title='bbox 443 3999 483 4039; x_wconf 88' lang='lat' dir='ltr'><strong>ue</strong></span> <span class='ocrx_word' id='word_1_344' title='bbox 504 3978 543 4039; x_wconf 89' lang='lat' dir='ltr'><strong>dc</strong></span> <span class='ocrx_word' id='word_1_345' title='bbox 565 3976 676 4060; x_wconf 82' lang='lat' dir='ltr'><strong>regulis</strong></span> <span class='ocrx_word' id='word_1_346' title='bbox 707 3977 921 4040; x_wconf 87' lang='lat' dir='ltr'><strong>tantummodo</strong></span> <span class='ocrx_word' id='word_1_347' title='bbox 945 3979 1061 4040; x_wconf 89' lang='lat' dir='ltr'><strong>dictum</strong></span> <span class='ocrx_word' id='word_1_348' title='bbox 1081 3981 1240 4042; x_wconf 83' lang='lat' dir='ltr'><strong>existimes.</strong></span> <span class='ocrx_word' id='word_1_349' title='bbox 1282 3975 1390 4054; x_wconf 74' lang='lat' dir='ltr'><strong>Quinc</strong></span> 
     </span>
     <span class='ocr_line' id='line_1_46' title="bbox 325 4055 1388 4144; baseline 0.003 -27"><span class='ocrx_word' id='word_1_350' title='bbox 325 4055 539 4135; x_wconf 77' lang='lat' dir='ltr'><strong>imperatorem</strong></span> <span class='ocrx_word' id='word_1_351' title='bbox 561 4061 724 4122; x_wconf 86' lang='lat' dir='ltr'><strong>occidentis</strong></span> <span class='ocrx_word' id='word_1_352' title='bbox 745 4061 827 4143; x_wconf 87' lang='lat' dir='ltr'><strong>apud</strong></span> <span class='ocrx_word' id='word_1_353' title='bbox 848 4061 995 4144; x_wconf 83' lang='lat' dir='ltr'><strong>quosdam</strong></span> <span class='ocrx_word' id='word_1_354' title='bbox 1013 4063 1195 4124; x_wconf 83' lang='lat' dir='ltr'><strong>recentiores</strong></span> <span class='ocrx_word' id='word_1_355' title='bbox 1206 4064 1328 4123; x_wconf 70' lang='lat' dir='ltr'><strong>Gnaei</strong></span> <span class='ocrx_word' id='word_1_356' title='bbox 1343 4069 1388 4113; x_wconf 74' lang='lat' dir='ltr'><strong>11⁰n</strong></span> 
     </span>
     <span class='ocr_line' id='line_1_47' title="bbox 326 4135 1388 4225; baseline -0.012 -13"><span class='ocrx_word' id='word_1_357' title='bbox 326 4135 658 4221; x_wconf 61' lang='lat' dir='ltr'><strong>testata‘rsaarav,</strong></span> <span class='ocrx_word' id='word_1_358' title='bbox 690 4143 742 4206; x_wconf 88' lang='lat' dir='ltr'><strong>sed</strong></span> <span class='ocrx_word' id='word_1_359' title='bbox 764 4141 846 4225; x_wconf 76' lang='grc' dir='ltr'><strong>ρῆγα</strong></span> <span class='ocrx_word' id='word_1_360' title='bbox 871 4139 1036 4224; x_wconf 72' lang='grc' dir='ltr'><strong><em>Ῥωμαίων</em></strong></span> <span class='ocrx_word' id='word_1_361' title='bbox 1057 4147 1249 4208; x_wconf 86' lang='lat' dir='ltr'><strong>nominatum</strong></span> <span class='ocrx_word' id='word_1_362' title='bbox 1277 4137 1388 4204; x_wconf 71' lang='lat' dir='ltr'><strong>ridelis:</strong></span> 
     </span>
    </p>
   </div>
   <div class='ocr_carea' id='block_1_4' title="bbox 0 0 1432 4936">
    <p class='ocr_par' dir='ltr' id='par_1_4' title="bbox 0 0 1432 4936">
     <span class='ocr_line' id='line_1_48' title="bbox 0 0 1432 4936; baseline 0 0"><span class='ocrx_word' id='word_1_363' title='bbox 0 0 1432 4936; x_wconf 95' lang='lat' dir='ltr'><strong> </strong></span> 
     </span>
    </p>
   </div>
  </div>
 </body>
</html>
