2944 4934
233 364 313 444 -sn
342 377 619 444 cauriensem
650 341 724 444 un
754 384 810 446 111.
1009 357 1103 482 529·

33 539 124 592 tamen
143 549 208 592 eam
229 551 300 592 enm
319 529 397 594 libra
426 553 478 594 sen
498 535 613 594 trutina
634 531 761 595 effictam
782 534 889 614 finisse,
930 557 992 601 non
1010 545 1096 606 inve-

34 613 88 678 nio.
130 614 194 674 Hae
217 627 316 676 antem
338 617 436 696 potius
457 618 534 676 insta
563 617 768 694 iudicaretur,
796 641 864 680 cum
887 635 1044 686 accusetur
1063 639 1098 690 ut
1125 688 1130 698 ,

33 695 213 758 iniustissima
250 709 279 760 et
307 717 395 758 caeca
418 698 518 780 plane.
560 701 777 762 Verumtamen
806 723 860 783 per
891 699 990 766 lances
1020 713 1096 788 eins,

32 775 146 839 alteram
165 781 383 857 ascendentem,
404 781 526 841 alteram
546 781 787 858 descendentem,
810 807 870 847 non
890 787 986 865 aliud,
1006 811 1098 874 qnam

31 862 114 940 ipsius
133 864 328 925 mobilitatem
351 876 380 924 et
400 867 628 926 inconstantiam
652 867 819 950 significare
852 869 1008 934 historicus
1041 895 1098 936 vo-

31 941 90 1021 luit,
112 967 188 1028 quae
208 969 289 1014 nunc
308 947 427 1028 exaltet,
448 969 528 1009 nuno
548 951 712 1033 deprimat,
743 972 826 1012 nnnc
847 952 918 1030 det,
941 975 1024 1018 nune
1039 979 1097 1020 aa·

31 1027 107 1094 ferat.
128 1051 256 1092 bosran.

108 1111 187 1196 Pag'.
203 1113 275 1186 515,
292 1117 342 1176 23.
361 1117 487 1175 eitam
509 1117 668 1176 minime
687 1117 870 1185 vitalem.
909 1119 978 1196 βίον
999 1119 1097 1200 n’flibr-

31 1211 77 1252 τον
107 1209 148 1256 est
171 1200 203 1258 in
233 1200 361 1259 Graeco.
400 1199 487 1258 Talia
511 1211 580 1260 sunt
610 1199 691 1280 apud
725 1202 857 1262 Graecos
885 1203 958 1262 item
988 1199 1098 1285 νύμφη

31 1263 183 1360 drappos,
205 1281 364 1362 παρθένος
384 1271 584 1363 indemne,
607 1281 696 1363 δῶρα
715 1273 947 1363 donamina
968 1273 1096 1364 ἄγαμοι,

27 1352 121 1440 μήτηρ
143 1359 293 1464 α’μὴτως,
320 1360 416 1444 χάρις
440 1355 570 1444 ἄχαρις,
601 1376 732 1448 atquae
760 1377 844 1428 notat
868 1369 1020 1428 Victorius
1042 1369 1095 1428 lib.

31 1461 72 1498 ιο.
96 1465 160 1526 cap.
182 1469 229 1507 12.
254 1447 317 1528 ⁸97¹
339 1440 476 1528 siesbye,
506 1447 621 1524 πότμος
653 1469 799 1527 eumpse.
841 1449 883 1512 Et
912 1453 1098 1513 Graecorum

28 1523 185 1590 imitatione
199 1533 281 1610 apud
307 1533 430 1592 Latinos
448 1533 590 1615 imeprdta
613 1534 776 1616 sepultura,
798 1535 939 1618 innuptae
963 1536 1095 1618 nuptiae,

27 1611 73 1666 nis
97 1613 182 1688 mers,
200 1615 324 1693 finiere
348 1637 401 1674 nec
419 1618 546 1696 sunere*²
569 1616 722 1677 insaru'ens
739 1619 913 1701 sapientia,
938 1617 1118 1702 disciplina

26 1689 155 1754 indocilis
176 1709 233 1757 etc.
257 1719 384 1759 ennean.
940 1721 943 1728 ¹

97 1776 169 1858 Peg.
185 1780 263 1856 516,
282 1802 326 1846 ro.
346 1781 598 1842 voluntatem
617 1783 717 1860 eins,
751 1805 821 1844 non
843 1784 950 1844 enim
970 1783 1099 1845 dicam

28 1853 351 1944 intelligentiam.
393 1866 506 1925 Graece
526 1866 568 1924 sie
596 1887 669 1926 cnm
689 1867 820 1947 quadam
847 1868 978 1927 iucunda
1050 1889 1101 1930 so·

28 1945 169 2016 nemesin,
195 1941 254 2027 τὴν
275 1944 372 2028 αὐτῆς
396 1945 646 2029 διαστρέψαντες
667 1945 793 2027 γνώμην
805 1996 815 2025 ,
849 1945 887 2009 od
908 1945 969 2030 γὰρ
994 1971 1033 2010 αν
1056 1947 1100 2011 εἴ·

28 2041 109 2098 noran
136 2028 265 2105 γνῶσιν.
312 2031 377 2090 Hoc
410 2029 488 2090 vult.
529 2029 599 2090 Non
630 2043 796 2114 potuerunt
825 2032 868 2094 illi
897 2033 1101 2116 sycophantae

28 2103 152 2188 efficere,
169 2122 204 2171 ut
226 2115 399 2195 imperatrix
421 2113 570 2173 desineret
592 2135 679 2174 nosse
709 2137 768 2192 me,
788 2119 840 2196 qui
860 2137 966 2190 essem,
990 2118 1021 2177 id
1045 2130 1100 2196 est,

28 2207 110 2266 quam
130 2197 259 2278 integer,
284 2217 375 2278 quam
396 2197 475 2258 fidus
495 2207 550 2258 etc.
571 2197 634 2258 Nec
655 2197 734 2258 enim
756 2198 814 2258 hoe
835 2210 965 2281 poterat,
985 2211 1030 2260 tot
1053 2221 1101 2261 ex·

27 2275 190 2347 perimentis
212 2279 341 2340 edocta:
367 2279 418 2340 sed
439 2291 474 2340 ut
494 2301 556 2340 non
577 2281 707 2363 amplius
734 2281 811 2342 bene
831 2296 954 2366 cuperet
970 2283 1105 2357 mihi,ut
1197 2301 1203 2310 ·

26 2371 68 2412 me
78 2359 165 2423 vellet
179 2365 330 2446 persequi,
342 2384 403 2445 qua
419 2365 493 2442 iure,
504 2385 563 2445 qua
578 2363 767 2442 iniuria,hoc
781 2365 952 2432 effecerunt.
968 2387 1099 2430 roncas.

99 2443 174 2527 Peg.
189 2445 263 2519 318,
271 2467 307 2590 (p
317 2451 479 2525 frater.
504 2445 715 2528 Adse'delcpoe
737 2461 782 2509 est
802 2451 835 2508 in
857 2452 996 2509 Graeco:
1018 2449 1101 2532 qood

25 2524 138 2604 accipio,
160 2529 252 2612 qnasi
295 2533 415 2608 ixisset,
435 2541 579 2612 tanquam
600 2533 712 2607 frater3
737 2531 794 2591 luit
813 2534 893 2593 enim
915 2529 1048 2606 ἀνεψιὸς
1072 2541 1102 2590 et

26 2601 60 2662 lla
79 2627 165 2692 saepe
181 2613 273 2675 illum
299 2623 410 2684 vocat„
441 2613 507 2672 Non
529 2614 621 2694 igitur
641 2613 755 2688 frater,
779 2615 893 2674 iisdem
924 2613 1100 2694 parentibus

25 2697 69 2744 aut
89 2692 183 2756 altero
205 2707 321 2774 natus3
343 2699 482 2778 quamvis
502 2717 537 2754 ex
560 2696 664 2755 eadem
679 2696 780 2756 radice
800 2696 917 2776 generis
938 2717 1007 2755 cum
1028 2696 1101 2754 Gan·

26 2777 161 2839 tacuzeno
180 2780 332 2862 prodiisse
353 2799 421 2838 mox
443 2779 585 2856 dicatur,
617 2777 695 2839 filius
715 2777 828 2839 seilicet
847 2790 1027 2840 materterae
1049 2788 1103 2839 aut

24 2851 140 2920 alicuius
161 2865 404 2944 consanguineae
423 2863 527 2942 ipsius.
560 2881 690 2922 roncas.

96 2941 179 3026 Pag.
197 2947 277 3028 319,¹
293 2946 339 3007 13.
361 2965 430 3006 suo
457 2946 614 3008 nomini.
649 2947 777 3006 loannes
796 2944 932 3028 Angelus
950 2943 1102 3009 videlicet.

21 3019 71 3083 Est
90 3039 193 3090 autem
216 3029 346 3091 loannes
368 3027 512 3090 Hebraeis
533 3029 628 3112 gratia
646 3029 717 3110 Dei,
739 3040 770 3090 et
791 3039 889 3112 potest
908 3029 968 3090 diei
988 3027 1105 3112 gratio-

23 3124 75 3170 sus.
95 3131 227 3172 nosram
960 3147 965 3162 ·

97 3192 178 3276 Peg.
197 3196 271 3268 δυο,
286 3215 315 3260 a.
340 3193 384 3268 εἷς
404 3187 556 3279 κεφαλήν.
597 3195 725 3257 Nomine
746 3193 806 3258 hoe
832 3215 894 3256 non
921 3192 1008 3254 alind
1028 3201 1103 3276 puto

21 3272 111 3352 velle,
133 3299 230 3360 qnam
253 3279 436 3360 praesectum
466 3301 502 3342 ne
533 3279 654 3340 ducem.
696 3280 790 3340 Dacia
820 3276 975 3361 quondam
1001 3275 1104 3358 appel-

21 3351 136 3420 labatur
155 3361 341 3443 amplissima
362 3364 465 3445 regio,
497 3384 576 3446 quae
595 3359 849 3446 Transylvaniam
885 3381 955 3422 cum
976 3371 1105 3443 utraque

19 3431 164 3505 Valacbia
184 3445 383 3515 continebats
406 3458 436 3508 et
455 3447 580 3530 cingunt
600 3446 708 3508 ambae
736 3445 898 3506 Valacbiae
919 3442 1106 3526 Transylva-

21 3520 115 3600 niam,
147 3549 281 3611 quarum
301 3551 362 3589 nna
383 3533 504 3603 maior,
540 3531 633 3590 altera
654 3531 754 3590 minor
784 3529 904 3590 dieitur.
947 3529 1047 3589 Maior
1065 3525 1105 3587 ad

19 3599 169 3672 Euxinum
194 3631 284 3671 mare·
307 3633 339 3672 se
367 3617 494 3695 porrigit
528 3623 559 3673 et
587 3616 696 3674 nostris
727 3623 773 3674 est
795 3611 970 3674 Moldnvia=
1006 3613 1105 3670 minor

19 3702 141 3770 propter
173 3693 309 3755 Danubii
339 3698 421 3778 ripas
454 3695 623 3757 extenditur
643 3707 674 3756 et
693 3695 872 3780 plerumque
891 3690 1104 3773 Transalpina,

18 3769 156 3836 Boniinio
177 3788 342 3850 montana,
374 3780 451 3840 sicut
470 3789 501 3840 et
523 3777 589 3840 aliis
608 3782 793 3839 nominatur.
835 3777 995 3838 Vlacbiem
1015 3794 1107 3832 voca-

19 3871 87 3915 vere
110 3859 224 3918 Graeci
245 3869 276 3917 et
296 3859 409 3922 incolas
429 3860 583 3933 Vlaehos‚
615 3881 673 3940 pro
701 3861 812 3942 quibus
837 3865 984 3940 interpres
1006 3856 1106 3914 Zona·

19 3957 95 4016 rae,
129 3940 264 4001 Cedreni
290 3951 319 4000 et
340 3941 469 4004 aliorum
497 3943 710 4004 historicorum
732 3941 888 4002 Blaehiam
916 3951 948 4002 et
970 3937 1107 4034 Blachos',

19 4033 124 4083 contra
148 4022 319 4084 molliorem
343 4026 559 4106 pronuntiandi
574 4028 721 4087 sationem
737 4027 934 4100 Graecorum,
947 4041 1023 4103 quos
1039 4039 1109 4079 imi·

19 4112 116 4168 tantas
139 4109 264 4168 Tuscae
284 4129 345 4168 non
370 4107 503 4188 lblaeh,
536 4109 589 4170 sed
621 4107 715 4168 lilaeh
743 4107 858 4170 dicunt.
900 4105 984 4192 llaec
1005 4103 1109 4165 Leun-

20 4183 149 4249 clavins.
192 4190 413 4252 Verumtamen
432 4192 482 4254 bic
504 4191 660 4256 Thessalia
682 4211 735 4252 sen
757 4211 827 4272 pais
847 4187 1021 4250 Thessaliae
1052 4205 1109 4246 no·

18 4271 100 4330 mine
129 4269 273 4332 Blachiae
299 4275 460 4356 significari
488 4275 633 4344 videturs
668 4273 821 4339 Thessalis
848 4275 930 4334 enim
957 4267 1109 4355 Angelum

50 4376 270 4436 Centecnnenns
289 4381 341 4438 111.
854 4381 889 4450 34
