2874 4944
319 308 421 412 426·
698 311 1009 400 mortuoram

387 487 481 590 vem.
498 507 625 592 ιρρμο.
653 505 706 588 eux
726 485 867 584 adytis
893 485 1089 583 grediens.
1119 485 1375 572 europalates&-

317 591 488 656 ερχομονος
517 595 535 634 o
567 591 764 654 πστριαρχης
791 589 846 630 του
884 573 1033 648 daueros.
1075 573 1256 654 lnterpres:
1297 576 1374 635 αι’ἰιιι

313 657 524 743 ρσιιὶασαΙισε
548 655 622 716 solio
642 673 704 719 ιιιο.
725 651 847 714 Resutat
869 651 950 714 hunc
971 653 1216 732 Cautamszenus,
1238 659 1294 738 qui
1311 657 1375 738 adyta

319 737 461 822 appellat.
501 739 637 801 Ecclesia
671 738 858 798 Graecorum
886 735 918 796 in
950 735 1083 820 quinque
1114 751 1215 822 partes
1246 740 1375 802 dividitur.
1423 771 1424 792 ι

318 824 423 886 Ρσίιαα
446 843 516 906 pars
535 822 648 884 dicitur
667 812 757 899 clytos
774 820 886 902 βῆμα,
906 832 1039 881 summme
1058 820 1301 896 ιαΙιεηισσαΙιαιι,
1316 823 1374 904 quod

320 905 464 990 gradibus
484 906 515 968 iu
535 927 603 968 eam
623 903 803 980 scandatur,
833 901 887 963 ubi
916 903 979 964 dno
1004 915 1078 966 sunt
1097 905 1230 968 altaria:
1251 909 1376 968 maiusin

318 989 445 1068 medio,
467 989 551 1074 quod
571 985 739 1071 appellatur
757 981 1007 1066 θυσιαστήριον,
1034 1009 1124 1050 sacro
1146 1009 1270 1064 omaso,
1300 999 1376 1051 αισα

317 1085 505 1149 saumonem,
521 1073 600 1134 toan
618 1069 683 1132 Dei
698 1070 850 1156 reqrzt'etrh,
868 1069 1026 1150 cathedra,
1045 1073 1378 1157 promontoriorum
1423 1079 1424 1102 ¹

316 1157 371 1236 gni
397 1155 545 1242 sacrficii
574 1150 717 1237 cfficino,
751 1153 861 1214 Christi
886 1165 1102 1215 monumentum
1133 1169 1163 1217 et
1196 1159 1264 1218 etos
1290 1157 1379 1238 ρίοιίιο

320 1239 553 1301 tobernomlson.
596 1238 699 1298 Minus
720 1233 837 1314 altare,
857 1235 889 1298 in
910 1255 971 1318 quo
991 1238 1130 1298 sacerdos
1158 1259 1247 1301 sama
1280 1259 1379 1321 praepa

321 1332 386 1402 rat,
407 1321 519 1384 dicitnr
534 1313 702 1401 πρόθεσις,
722 1320 808 1403 qnasi
824 1320 990 1404 proposiuo
1004 1365 1013 1400 ,
1025 1321 1108 1404 quod
1126 1325 1215 1404 panis
1227 1343 1380 1383 monacas

321 1405 379 1466 dus
400 1405 430 1465 in
450 1425 487 1466 eo
504 1405 637 1488 primum
657 1413 797 1484 ponatur.
837 1401 977 1464 Secunda
999 1423 1070 1486 pars
1089 1405 1195 1489 templi
1216 1405 1326 1467 dicitur
1349 1399 1380 1464 is·

320 1493 465 1566 ρατεϊον,
492 1491 619 1563 chono,
650 1484 734 1548 locus
762 1485 843 1548 clero
873 1497 905 1547 et
929 1487 1104 1549 cantoribus
1125 1487 1302 1572 deputatus.
1334 1486 1382 1548 Ubi

320 1571 510 1648 tabulatum,
543 1569 605 1631 duo
633 1567 748 1631 babens
767 1571 845 1631 ostia
869 1579 900 1631 et
928 1569 996 1632 vela
1016 1573 1140 1654 utrique
1160 1574 1241 1634 ostio
1261 1589 1380 1654 oppansa.

319 1654 423 1715 Tertia
455 1675 526 1737 para
555 1645 687 1732 ἄμβαν,
708 1653 875 1736 pulpitare,
910 1652 965 1715 ubi
998 1655 1164 1718 recitantur
1192 1653 1384 1738 evangeliaet

320 1736 463 1820 epistolae
480 1747 511 1800 et
531 1735 624 1798 verba
647 1735 725 1795 fiunt
745 1735 784 1796 ad
804 1733 964 1818 populum.
1012 1737 1105 1800 Unde
1131 1729 1214 1818 eu'gq'
1246 1728 1382 1808 ὄσισθᾶιι-

318 1820 434 1900 βιονος,
454 1823 549 1883 oratio
564 1841 644 1904 pone
660 1819 813 1880 ambonem
833 1839 886 1880 seu
906 1834 1074 1902 seggesmm.
1097 1822 1217 1900 Quarta
1232 1841 1303 1904 pars
1318 1813 1384 1888 scir,

318 1903 460 1986 templum
483 1925 536 1966 seu
559 1905 648 1965 νιοοίο
667 1903 829 1981 ecclessiae,
854 1904 908 1964 ubi
927 1903 1058 1986 populus
1088 1915 1177 1983 orat,
1210 1905 1243 1966 in
1265 1924 1323 1988 qus
1341 1903 1384 1960 riri

319 2007 338 2048 a
360 1987 541 2050 mulieribus
560 1987 687 2049 seiuncti
707 1995 779 2047 sunt
800 2005 855 2068 per·
874 1985 1020 2048 tabulata.
1065 1988 1183 2068 Quinta
1205 1999 1252 2049 est
1271 1987 1383 2070 bapo'ste·

318 2071 414 2147 σιἀια,
435 2091 531 2154 prope
550 2063 711 2150 πρόνοον,
733 2089 828 2152 prope
848 2070 1023 2132 wstibclum
1043 2072 1168 2168 tempii,
1205 2071 1263 2132 ubi
1283 2071 1384 2132 herm

273 2167 279 2179 ¹
318 2155 513 2237 poenitentes.
555 2153 637 2214 Haec
667 2151 881 2214 Geoebrardus
899 2155 931 2213 in
956 2153 1129 2238 Liturgicrs.
1151 2175 1286 2221 maras.

338 2263 341 2272 ¹
399 2235 617 2322 Pag.198,s.
638 2239 711 2307 ταῖς
731 2237 884 2318 κεφαλαῖς
905 2237 950 2298 Μ.

402 2319 482 2404 Pag.
501 2317 569 2406 198,
586 2320 632 2384 15·
659 2339 782 2404 super
803 2339 969 2382 mensam
986 2341 1155 2383 sacram.
1177 2319 1278 2404 Super
1293 2319 1387 2380 θοσιο·

319 2401 461 2487 στὴριον,
483 2407 640 2486 utsupra.
662 2421 795 2466 roaros.

401 2486 481 2569 Peg.
501 2486 569 2572 198,
586 2503 635 2550 αα.
656 2506 797 2548 versus
814 2487 978 2549 soleam.
999 2485 1059 2550 Seu
1079 2509 1182 2550 versos
1201 2485 1324 2548 solcum.
1340 2481 1387 2542 la·

319 2571 385 2632 tina
404 2589 476 2648 vox,
499 2581 614 2651 partem
626 2571 800 2630 interiorem
820 2569 939 2652 templi,
960 2591 1038 2652 quae
1057 2569 1154 2648 solem
1174 2573 1322 2632 orientem
1335 2583 1387 2648 que·

320 2663 392 2734 ctat,
415 2655 596 2736 significans,
618 2653 718 2735 inquit
734 2651 913 2714 scholiastes
934 2651 1154 2737 Curopalatae.
1176 2672 1311 2716 ronam.

403 2735 615 2823 Peg.199,6;
647 2751 841 2818 paratam
865 2738 938 2798 illi
968 2757 1173 2804 coronam.
1215 2731 1387 2816 compleat

320 2815 383 2898 mlx
401 2809 513 2895 ὅμοιον
533 2821 578 2907 τρῖ
600 2819 658 2882 soii
675 2819 842 2898 βασιλέως,
865 2817 934 2882 dtt’
953 2817 1063 2904 ἕτερόν
1082 2839 1116 2883 τι
1137 2819 1250 2900 σχῆμα
1264 2833 1390 2902 aptast·-

319 2903 481 2982 pcoopstov
497 2895 653 2986 ὕπαρχοι.
676 2922 808 2967 aorrss.
954 2924 957 2934 “

404 2985 485 3068 sag.
504 3007 571 3074 199,
588 2987 640 3048 ai.
658 2991 912 3071 processio
933 2997 992 3048 etc.
1034 2985 1148 3049 Totum
1172 2985 1246 3062 boc,
1279 2994 1390 3062 atquae

321 3080 510 3154 sequamur,
531 3069 790 3152 περιφραστικῶς
811 3071 979 3149 declarant,
999 3071 1074 3153 quid
1098 3073 1148 3148 sit,
1172 3071 1302 3152 quaein
1321 3066 1389 3125 miss

321 3155 510 3215 Graecorum
531 3153 689 3214 dicebatur
708 3148 831 3234 μεγάλη
856 3149 1005 3231 εἴσοδος,
1029 3154 1110 3236 quod
1133 3153 1174 3214 ad
1199 3153 1325 3214 verbum
1342 3167 1390 3206 mo·

322 3257 396 3317 grou
411 3239 556 3317 ingressus
577 3237 769 3320 interpretari
785 3237 887 3313 uolui,
907 3257 947 3298 ne
969 3235 1064 3298 lector
1083 3237 1241 3315 haereret,
1260 3245 1290 3295 et
1309 3244 1390 3292 mmm

322 3318 405 3402 quod
421 3331 468 3382 tot
487 3321 587 3384 verbis
606 3341 660 3404 per
680 3321 889 3383 circuitionem
912 3319 1122 3403 explicaretur,
1141 3323 1174 3382 in
1198 3327 1334 3380 contextu
1351 3333 1389 3392 up·

322 3403 497 3486 ponendum
519 3405 602 3468 duxi.
645 3403 725 3464 Haec
753 3415 855 3466 autem
882 3402 1080 3486 supplicatio,
1101 3405 1234 3465 sacriste
1255 3401 1389 3466 circuitus

322 3485 379 3548 der
392 3485 558 3568 Umbgong,
581 3489 612 3548 in
636 3487 702 3569 ipso
722 3486 834 3569 templo
852 3490 884 3548 in
908 3489 1014 3570 quavis
1026 3485 1161 3570 liturgia,
1186 3485 1260 3548 lecto
1280 3497 1390 3558 estange⁴

319 3567 361 3632 lio
381 3578 412 3631 et
434 3569 564 3632 dimissis
584 3569 812 3632 catechumenis
833 3571 1056 3654 peragebatur,
1089 3582 1124 3632 ut
1147 3593 1182 3632 ex
1205 3567 1326 3630 Nicolao
1345 3562 1389 3621 Ct-

322 3651 419 3715 basila
446 3655 478 3714 in
500 3659 626 3736 exposit.
649 3655 805 3736 Liturgiae
829 3677 895 3738 cap.
919 3656 971 3716 αὖ.
995 3666 1026 3717 et
1046 3653 1096 3732 ai.
1121 3654 1229 3736 liquet.
1273 3651 1303 3710 Δ
1332 3663 1387 3726 pst·

322 3737 400 3808 thesi
422 3737 542 3798 initium
564 3737 747 3820 procedendi
772 3749 847 3799 erat.
889 3739 1002 3798 Omnia
1025 3739 1106 3800 enim
1135 3741 1216 3798 circa
1234 3753 1317 3796 sacra
1340 3747 1392 3807 my·

308 3823 413 3884 'steria
434 3832 582 3904 peragunt
605 3822 714 3883 Graeci
737 3823 768 3880 in
790 3821 935 3904 prothesi.
976 3821 1026 3882 Sic
1053 3821 1149 3883 altare
1169 3821 1262 3880 minus
1284 3820 1390 3880 vomui,

325 3925 360 3966 ex
381 3925 443 3987 quo
488 3925 577 3966 auem
613 3903 652 3964 ad
681 3907 936 3966 consecrationem
965 3905 1149 3966 destinatum
1177 3915 1208 3964 et
1234 3899 1291 3961 alia
1310 3911 1392 3958 sacer·

324 3987 380 4048 dos
400 3999 430 4050 et
457 3927 602 4050 ‹liaconus
622 3989 820 4070 accipientes,
844 3987 992 4071 templum
1012 3990 1222 4062 circumeunt,
1260 3982 1391 4042 adiuncto

325 4080 390 4130 toto
411 4075 577 4134 ministerio
598 4070 810 4150 ecclesiastico,
832 4075 880 4133 cui
904 4073 993 4132 etiam
1015 4067 1391 4156 adiungebaturimpamu

326 4157 525 4232 coronandus,
547 4167 653 4217 tenens
674 4153 775 4214 locum
797 4153 855 4216 rori
877 4153 1060 4232 denoscitur,
1086 4167 1122 4216 ut
1142 4154 1236 4236 inquit
1254 4149 1391 4208 Canucu

328 4255 431 4298 senus.
452 4237 515 4300 .Et
538 4237 612 4300 haec
632 4241 781 4332 processio
802 4238 969 4301 vocabatur
987 4231 1108 4321 μεγάλη
1127 4231 1250 4310 εἴσοδος,
1272 4253 1311 4292 eo
1323 4223 1390 4310 quasi
