2952 4926
374 291 662 360 ursronrrnuu
694 297 748 360 ιτ.
768 296 822 366 ro.
1057 255 1138 356 ινδ

71 451 110 514 τόν
130 447 286 536 ἑσπερίων
310 447 367 534 τήν
395 452 578 536 μοχθηρίαν
601 449 658 516 καί
674 449 734 536 τήν
755 445 945 535 ἑτοιμότητα
966 451 1046 538 πρὸς
1066 465 1220 522 νεα-ΜΞ.
1233 468 1300 542 ι349

71 545 225 635 πρισμοός·
269 545 531 637 δφυλάττεοθαι
552 547 698 639 παρῄνει,
718 549 780 635 μή,
799 549 856 614 ὕπ’
876 550 1005 616 όκειναιν
1024 552 1142 630 ἐξαπα·

70 653 189 733 ιηδέντος
218 654 277 715 τοό
305 653 378 716 νέου
408 653 575 732 βασιλέως,
596 646 709 726 στάσις
730 642 830 726 αόθις
851 654 908 716 καί
926 649 1064 734 πόλεμος
1085 675 1142 733 με-

70 747 121 827 mii
144 749 315 832 Ῥωμαίων
338 751 483 836 ἐξαφθῇ,
508 753 649 826 καὶτοῖς
672 745 840 832 πράγμασι
863 749 920 816 καί
941 753 1054 836 σφίσιν
1081 745 1143 814 αό-

53 849 112 924 irtio
121 845 298 933 λυμήνηται
313 845 352 914 τά
363 850 510 932 μόγιοτα.
542 848 696 930 βασιλεός
714 850 752 914 δὲ
770 847 879 936 ἐπῄνει
898 871 934 914 τε
958 851 1013 934 τῆς
1024 875 1143 935 παραι-

69 947 156 1024 νόστοις
174 945 234 1032 τήν
253 947 417 1029 βασιλίδα,
439 943 483 1024 cic
511 946 656 1033 άληθοῦς
678 947 734 1012 καὶ
754 948 882 1024 δικαίοις
904 939 1000 1033 οόοης
1022 951 1143 1034 καὶτῆς
1245 983 1250 994 ·

68 1045 123 1131 πρός
150 1045 247 1114 αότόν
267 1051 379 1134 φιλίας
406 1039 511 1134 άκρονς
531 1047 682 1132 ἐχομένης
703 1051 760 1114 καί
777 1049 967 1134 κηδεμονίας
988 1051 1054 1116 τοῖν
1077 1072 1144 1114 κοι-

69 1149 121 1226 νόν,
141 1147 197 1216 κατ’
216 1147 352 1235 παρῄνει
368 1147 426 1216 κατ’
445 1145 544 1223 αότός
561 1145 719 1234 θαβρεἴν,
750 1147 793 1225 cic
811 1147 894 1231 μετά
915 1145 973 1234 τήν
994 1151 1039 1224 εἰς
1062 1151 1172 1230 (διο-Β
1260 1190 1265 1198 ·

70 1247 210 1332 οολονίιιην
230 1245 429 1333 ἐπιδημίαν,
451 1241 511 1329 ό,τι
533 1242 573 1313 όν
598 1250 704 1333 δοκοίη
724 1249 864 1330 μάλιστα
880 1254 1055 1314 λυσιτελεῖν
1074 1271 1145 1314 ποι-

42 1343 181 1428 ιοήσοιτος.
240 1346 318 1414 οόδὲ
343 1345 406 1434 γάρ
439 1347 510 1412 οὐδ’
539 1347 628 1436 crispi
647 1343 788 1429 μάλιστα
807 1349 870 1413 τοῖν
891 1349 1020 1436 άγαθιδν
1043 1352 1146 1416 δοκεῖν
1220 1382 1227 1401 ·

77 1448 176 1524 βασιλέα
207 1442 267 1512 τόν
294 1444 368 1512 υἱόν
395 1444 495 1528 μόνον
516 1450 713 1512 καταλείπειν
732 1448 889 1529 μέλλοντα
910 1444 1043 1512 ε’πιπολό
1068 1449 1146 1514 dul-

78 1550 162 1610 οεοθαι
189 1540 316 1611 αότοό·
368 1543 450 1613 ἄλλά
475 1550 533 1636 νόν
552 1549 616 1629 μὲν
638 1543 744 1633 ὥσπερ
766 1543 885 1633 ἔφοδον
905 1553 1069 1614 ποιεῖσθαι
1090 1543 1145 1613 διά

76 1645 111 1708 τόν
124 1647 354 1732 ἅσσαλονίκης
385 1645 528 1713 κίνδυόον
563 1645 638 1725 όξόν
665 1641 943 1729 ὑποπτευόμενον·
987 1642 1024 1712 όν
1045 1646 1147 1732 οόχή

74 1745 208 1828 disruperit
230 1747 299 1812 τάν
322 1747 527 1813 ἐνοικούντων
546 1751 668 1830 μάλλον
690 1747 869 1831 ἐπήγαγεν,
891 1741 913 1833 ή
933 1744 1144 1833 ήμοχθηρία·

42 1841 144 1910 riticius
162 1847 202 1928 δὲ
222 1841 390 1930 γενόμενον
411 1848 468 1912 καί
493 1843 570 1921 τοός
599 1843 805 1930 προδιδόντας
822 1856 887 1924 τοῖς
904 1853 1072 1931 Τριβαλοῖς
1087 1846 1147 1932 τήν

66 1941 136 2010 πόλιν
155 1941 360 2028 ἐξελάσαντα,
383 1945 518 2030 βασιλέα
537 1949 597 2027 μὲν
616 1950 655 2035 ιῄ
677 1937 768 2011 πόλει
789 1951 989 2012 καταλείπειν
1005 1951 1064 2012 rosi
1076 1971 1147 2031 χει-

63 2045 148 2122 μόιος
169 2043 355 2112 κολάσαντα
379 2045 453 2122 roric
482 2045 718 2130 προδιδόντας,
748 2043 783 2110 εἴ
805 2069 886 2124 τινες
920 2043 1176 2135 όπολειφθεῖενῦ

63 2139 114 2208 ἔτι·
158 2143 199 2208 οδ
223 2143 286 2230 γάρ
318 2143 357 2230 δή
386 2148 476 2235 κοινῄ
502 2145 658 2232 παρόντος
681 2148 782 2212 ου’τεό
805 2145 1017 2231 βουλήσονται
1046 2144 1189 2220 cccciv.
1208 2161 1262 2234 014

62 2267 85 2308 τε
100 2243 155 2312 κατ’
177 2242 238 2330 τήν
257 2243 350 2310 πόλιν
372 2244 584 2332 προδιδόναι,
617 2239 676 2310 κάν
703 2245 749 2321 είς
780 2235 876 2331 άκρον
905 2242 1045 2330 μάλιστα
1073 2247 1147 2312 ε’λό-

35 2359 128 2409 νοοοοι
154 2347 352 2430 μοχθηρίας·
403 2341 516 2411 ἔπειτα
538 2341 607 2428 άμα
634 2339 692 2430 η’ρι
711 2344 790 2427 μετὰ
812 2344 955 2421 πλείονος
975 2345 1148 2412 ἐπελθόντα

62 2446 103 2526 τής
121 2447 326 2529 παρασκευῆς
346 2442 404 2511 καί
421 2444 536 2528 αότὸν,
565 2441 628 2511 τότ’
650 2438 712 2530 ήδη
734 2449 813 2510 θεοῦ
836 2448 1088 2528 σοναιρομένου,
1111 2445 1151 2510 ον’

61 2545 123 2628 περὶ
145 2543 381 2628 θεσσαλονίκης
411 2542 510 2628 μόνον
531 2543 723 2628 ποιήσεσθαι
752 2542 809 2610 τόν
835 2543 945 2628 λόγον,
980 2543 1062 2609 α’λλά
1096 2549 1152 2610 καί

22 2703 24 2712 .
60 2647 126 2728 sepi
153 2647 207 2730 τής
232 2636 331 2732 άλλης
352 2647 559 2722 Μακεδονάις
583 2643 638 2710 καί
658 2643 838 2720 Θετταλίας
858 2646 915 2710 καί
931 2643 1149 2731 Ἀκαρνανιας,

124 2821 161 2874 ιγ.
184 2801 356 2859 κολάσαντα
375 2803 414 2859 bl.
432 2822 484 2876 mg.

61 2931 232 2986 sdolescentis
243 2937 363 2986 aetatem
380 2933 472 2986 fraudi
482 2941 679 3004 opportunum,
701 2950 785 3004 quam
801 2932 1009 3002 improbitatem
1022 2931 1151 2984 occiden-

59 3002 150 3054 utinm
164 3011 192 3055 et
212 3001 349 3074 proclives
369 3004 406 3056 ad
423 3021 465 3056 τοι
484 3004 624 3058 novandos
642 3006 759 3064 animos,
779 3020 850 3074 quoe
872 3019 966 3054 osvero
977 3001 1149 3065 hortabatur,

60 3089 102 3138 ue,
119 3074 156 3126 sb
173 3075 230 3128 illis
249 3073 316 3126 dccc
338 3083 367 3128 to
385 3077 495 3140 iuvene,
513 3075 616 3130 seditio
643 3085 671 3128 et
688 3069 762 3126 b'ellu
783 3075 856 3126 inter
875 3073 1009 3126 lloruonos
1025 3072 1151 3126 redinte-

59 3153 224 3212 grssccrcut:
244 3091 335 3215 quoii
351 3147 465 3216 stipsis
492 3155 521 3201 et
538 3146 578 3197 rei
598 3145 733 3214 publicsc‘
745 3145 983 3198 damnosissimum
1005 3143 1150 3196 accideret.

57 3215 204 3284 impertior
221 3215 369 3269 consitium
388 3218 580 3287 impesstrciis,
604 3225 637 3269 ut
653 3233 747 3272 verum
768 3229 800 3267 ac
818 3217 937 3280 iustum,
960 3223 989 3268 et
1008 3232 1068 3270 cusu
1088 3225 1152 3283 erga

59 3301 85 3334 se
102 3287 238 3344 amicitiae
255 3287 419 3354 voluntatis,
438 3295 497 3338 tom
516 3305 578 3358 erga
594 3305 650 3342 rcus
669 3287 809 3356 publicam
823 3284 1021 3340 sollicitudinis
1040 3286 1152 3356 plenum

56 3355 176 3420 lsudsse,
192 3357 346 3428 laboreque
363 3358 438 3412 bono
457 3373 516 3411 esre
534 3359 632 3411 animo.
670 3361 817 3412 Facturum
836 3359 910 3410 enim
929 3367 993 3429 post
1005 3359 1154 3410 adventum

57 3426 288 3492 Thessalonicam,
300 3445 373 3498 quse
390 3429 545 3482 conducere
561 3431 680 3482 maxime
693 3429 887 3493 arbitraretur;
906 3445 997 3500 παραυ
1016 3430 1088 3481 enim
1100 3429 1155 3496 ipsi

58 3495 147 3550 rideri
164 3499 249 3552 filiurn
268 3499 327 3552 illic
348 3501 439 3552 solum
459 3498 674 3570 relinquendum
693 3519 772 3564 cssc,
799 3517 859 3552 cum
881 3502 941 3569 ipso
961 3499 1067 3552 diutius
1087 3498 1153 3552 inde

57 3565 200 3623 abluturus
218 3572 262 3623 sit.
299 3569 334 3623 Et
351 3587 425 3626 nunc
443 3570 557 3640 quidem
576 3588 626 3624 cen
644 3572 855 3642 impressionem
874 3571 1046 3632 faciendam,
1066 3585 1153 3639 qucu-

58 3637 207 3706 doquidem
226 3643 256 3695 in
275 3642 349 3711 presi
373 3642 499 3713 periculo
528 3643 623 3700 civitas
649 3643 752 3695 verssrl
779 3643 921 3706 videatur,
947 3640 1020 3713 quod
1045 3642 1070 3692 ei
1096 3655 1152 3692 uon

59 3719 114 3760 τισι
134 3709 275 3764 infirmitas
290 3711 454 3776 incolarum,
472 3728 556 3784 quam
576 3715 739 3781 perversitas
759 3714 898 3766 attulerit:
924 3719 953 3765 et
969 3729 1009 3774 se,
1028 3727 1089 3762 cum
1110 3709 1152 3762 ibi

56 3781 158 3842 luerit,
173 3781 306 3852 expulsis,
325 3783 375 3854 qui
393 3785 491 3838 urbem
511 3781 645 3836 'l'ribullis
661 3783 780 3854 prodere
799 3785 980 3854 cogitassent,
1001 3785 1150 3850 imperato·-

59 3867 117 3902 ren
137 3851 260 3905 iuvencus
279 3854 385 3908 ibidem
404 3873 454 3924 pes
472 3853 589 3908 hiemem
609 3857 788 3916 relicturum,
812 3855 861 3924 qui
888 3853 1097 3922 proditoribus,
1125 3850 1150 3899 si

59 3924 106 3990 qui
131 3923 324 3991 superfuerint,
341 3925 467 3980 obslstnt.
502 3924 564 3980 Non
582 3927 655 3980 enim
678 3927 775 3996 utiquc
795 3939 830 3978 eo
848 3930 992 3992 praesente
1013 3917 1152 3974 communi

61 3995 209 4056 utentis,
227 4001 258 4048 ut
275 3997 317 4048 sel
335 3997 522 4052 scelestissimi
541 3999 612 4058 sint,
631 3997 720 4066 ipsum
739 4013 802 4048 cum
822 3996 933 4046 civitate
951 3991 1079 4046 hostibus
1097 3998 1152 4042 ιτα·
1267 4051 1276 4067 ,

62 4061 181 4114 diturus.
214 4064 282 4120 Vere
298 4069 428 4131 incunte,
454 4066 504 4120 ubi
522 4075 551 4120 ct
567 4068 627 4136 ipsc
647 4085 708 4120 cnm
726 4067 828 4120 msiore
848 4071 982 4134 apparatu
1002 4061 1156 4120 advenerit,

59 4139 122 4184 turn
145 4133 198 4186 ism
207 4136 261 4190 Dcc
279 4137 435 4201 adiuvante,
454 4152 512 4191 nou
529 4138 564 4192 de
583 4137 778 4193 'Thessalonica
796 4137 897 4205 sctum,
917 4133 966 4187 sed
987 4142 1015 4186 ct
1036 4133 1070 4186 de
1088 4133 1156 4184 reli·

60 4219 118 4272 qus
140 4203 311 4274 marocin,
330 4207 473 4267 Thessalis
493 4215 522 4265 ct
540 4210 694 4267 Aceraunis
712 4211 811 4282 (quas,
839 4207 905 4264 dum
923 4206 1027 4260 bellum
1047 4213 1155 4277 gessissed

100 4307 310 4368 &moestum
329 4315 379 4370 111.
940 4313 956 4368 8
