2874 4944
352 295 436 398 tio
731 317 1040 384 iuuomrronas

351 479 497 562 imagines
518 486 575 542 etc.
595 474 627 535 iu
641 473 868 546 schismaticos,
902 473 1242 546 haereticos,1ndaeos
1267 475 1376 538 etEtlai·

349 583 402 623 cos
425 563 604 635 factasunt,
625 578 715 641 quam
736 561 933 642 invitamenta
954 557 1101 639 quaedam
1127 569 1159 618 et
1179 561 1341 622 incitamenta
1354 565 1377 622 ad

350 665 471 723 verum,
483 647 578 704 immo
593 653 623 704 et
636 641 836 703 stabilimenta
858 645 941 702 veri?
963 643 1067 723 Neque
1086 644 1167 701 enim
1190 641 1253 703 ficri
1271 655 1378 724 potatu

348 727 434 790 Deus
453 727 516 788 ulla
529 725 674 788 miracula
697 724 918 787 confirmandae
941 722 1061 785 falsitati
1081 735 1136 785 aut
1154 727 1218 808 ipse
1236 747 1286 808 per
1303 749 1334 806 se,
1347 740 1377 787 au

350 833 408 896 per
426 810 501 872 alios
525 810 613 882 edat,
639 829 709 870 cum
729 813 813 871 testis
834 808 926 871 falsus
952 817 983 869 et
1002 808 1068 869 salsi
1101 827 1165 870 esse
1188 821 1312 891 nequeat.
1340 812 1378 870 Vc·

354 915 425 956 nrm
444 895 532 954 multi
553 893 726 967 nubantur,
737 913 807 954 cum
827 891 964 970 audiunt,
975 903 1058 952 extra
1071 889 1227 954 ecclesiam
1239 915 1324 960 uuan,
1335 914 1379 952 sao·

354 989 446 1056 cmm,
468 976 647 1040 catholicam
668 987 698 1038 et
717 975 910 1059 apostolicam
929 975 1072 1037 miracula
1093 977 1167 1036 fieri.
1190 975 1235 1036 At
1256 997 1339 1038 causae
1351 979 1379 1036 ui·

351 1060 397 1123 hil
420 1072 477 1137 eat,
511 1081 567 1123 cur
591 1070 645 1122 aut
672 1081 705 1122 se
739 1071 793 1122 aut
817 1059 891 1121 alios
921 1059 1055 1121 turbent.
1095 1059 1175 1120 Nam
1204 1059 1313 1122 siliunt
1328 1070 1380 1119 ertu

349 1143 518 1222 ecclesiam,
537 1143 724 1204 fiuuttamen
736 1155 789 1206 aut
802 1144 841 1204 ab
863 1147 915 1218 eis,
932 1145 995 1226 qui,
1016 1143 1091 1204 dum
1110 1145 1260 1219 viverent,
1284 1141 1382 1204 ecclesia

347 1227 503 1289 militantis
523 1227 659 1288 membra
681 1238 787 1305 erant,
808 1237 862 1288 aut
880 1248 933 1310 per
954 1247 1004 1287 res
1026 1247 1115 1288 verae
1136 1225 1288 1300 ecclesiae,
1313 1229 1382 1285 autin

346 1312 605 1374 confirmationem
624 1311 798 1394 dogmatum
818 1331 908 1372 uerae
927 1309 1088 1388 ecclesiae,
1122 1311 1240 1372 edumei
1270 1319 1383 1391 pausatur

346 1397 379 1454 iu
401 1394 487 1470 illos,
518 1397 572 1476 qui
592 1415 680 1456 verae
701 1394 841 1456 ecclesiae
859 1415 920 1455 nou
942 1404 1014 1455 sunt
1036 1397 1138 1456 civesr
1161 1413 1253 1454 nemo
1269 1397 1334 1453 euim
1348 1413 1383 1450 uu

345 1497 438 1560 quiam
459 1478 583 1556 dixerit,
603 1476 723 1539 nullum
744 1476 926 1539 miraculum
947 1477 1011 1538 fieri
1030 1499 1135 1560 posse,
1156 1479 1217 1537 nisi
1237 1495 1300 1558 erga
1316 1473 1382 1550 illuu,

348 1561 401 1644 qui
422 1561 460 1622 sit
481 1581 568 1623 verae
597 1561 737 1623 ecclesiae
781 1583 841 1622 ars.
885 1561 969 1643 Ergo
989 1562 1032 1639 si,
1064 1564 1118 1644 qui
1141 1559 1213 1622 hinc
1241 1559 1278 1622 ad
1296 1557 1383 1619 altuau

346 1646 442 1706 vitam
464 1647 496 1706 iu
516 1643 683 1707 catholicae
702 1583 843 1708 eccidsiae
856 1646 1067 1706 communione
1083 1645 1262 1726 migrarunt,
1280 1639 1383 1702 miracula

345 1740 530 1810 operentur,
561 1731 625 1789 sive
644 1749 699 1810 per
719 1726 834 1810 lipsana
865 1731 913 1788 sui
939 1729 1096 1810 corporis,
1131 1729 1195 1788 sive
1224 1727 1335 1788 iuvocau'
1351 1745 1384 1804 per

346 1831 450 1893 preces
474 1813 537 1873 sine
560 1823 697 1893 respectu
717 1812 755 1873 ad
776 1811 941 1894 reliquias,
965 1813 1029 1873 sive
1047 1811 1108 1872 alio
1128 1809 1244 1884 modo,
1264 1829 1316 1869 nou
1332 1807 1383 1867 schi-

345 1900 515 1973 smaticam,
536 1893 742 1973 haereticam,
762 1906 816 1957 aut
833 1895 984 1956 ethnicam
1009 1894 1167 1978 perfidiam
1195 1903 1226 1954 et
1245 1892 1383 1974 supersita

343 1997 425 2052 nem,
450 1978 503 2040 sed
526 1999 593 2039 eam
614 1979 796 2041 confirmant
816 1978 907 2039 fidem
926 1989 957 2039 et
980 1976 1157 2057 ecclesiam,
1179 1978 1263 2038 cuius
1282 1973 1384 2036 mucida

346 2081 383 2122 ex
404 2059 544 2122 fluctibns
570 2061 662 2123 huius
682 2064 763 2123 vitae
782 2061 822 2122 ad
843 2073 982 2123 aeternae
1001 2061 1198 2122 beatitudinis
1218 2055 1383 2142 tranquillissi-

349 2163 434 2204 mum
454 2155 576 2226 portum
602 2155 813 2226 pervenerunt.
856 2145 927 2206 Pari
956 2146 1046 2206 modo
1066 2165 1137 2206 cum
1161 2143 1242 2227 apud
1261 2149 1384 2224 segregata

230 2279 234 2294 ,
344 2225 385 2287 ab
412 2228 535 2288 ecclesia
554 2228 702 2290 miracula
722 2229 853 2290 eduntur
873 2249 928 2312 per
948 2232 1069 2312 siguum
1089 2239 1212 2289 mactae
1230 2227 1329 2298 crocu,
1351 2241 1385 2302 ptr

347 2330 459 2392 aquam
490 2309 666 2390 lustralem,
701 2333 756 2394 per
783 2313 884 2373 oleum
905 2312 1123 2389 benedictum,
1155 2331 1212 2394 per
1240 2311 1384 2372 oxomum

344 2393 537 2476 perque'alia
556 2394 647 2456 huius
667 2396 784 2476 generis
813 2394 998 2457 mirabilium
1018 2394 1179 2456 effectuum
1201 2415 1322 2475 organa,
1345 2407 1384 2446 um

344 2475 473 2551 adanae,
493 2478 545 2539 sed
566 2489 686 2539 nostrae
706 2479 774 2540 fidei
788 2488 818 2539 et
838 2477 979 2540 ecclcsiae
997 2478 1094 2538 robur
1113 2490 1143 2538 et
1164 2479 1315 2539 auctoritas
1330 2489 1385 2530 aare

344 2559 399 2620 dit.
442 2559 526 2621 llaec
545 2564 626 2622 enim
648 2561 718 2623 licet
739 2561 778 2623 ab
799 2560 1200 2644 alienigenis'usurpentur,
1222 2559 1342 2621 eeclesiae
1356 2563 1385 2609 u-

343 2663 415 2706 men
434 2643 601 2708 catholicae
620 2647 742 2728 propria
763 2656 834 2706 sunt
854 2667 889 2705 ac
910 2643 1048 2726 proinde,
1069 2645 1255 2726 ubicumque
1267 2645 1385 2703 vimsuau

344 2738 497 2803 exserunt,
528 2749 594 2789 eam
616 2749 677 2790 nou
692 2730 750 2790 uisi
771 2739 805 2789 ut
825 2726 989 2790 catholicae
1009 2727 1150 2789 ecclesiae
1175 2725 1385 2788 iusti-umectatl

344 2823 523 2872 ornamenta
545 2822 697 2890 exserunt,
719 2813 809 2872 etiam
830 2815 863 2872 in
883 2832 947 2872 uon
968 2811 1142 2888 catholicos,
1163 2813 1233 2892 quia
1254 2811 1334 2890 gratia
1348 2801 1383 2858 ua

343 2891 429 2956 dives
450 2896 483 2956 in
507 2913 635 2973 omum,
656 2895 704 2956 his
725 2915 866 2978 quoque,
890 2895 943 2976 qui
965 2905 1048 2968 eitra
1072 2915 1103 2955 se
1125 2905 1156 2954 ta
1178 2891 1309 2954 dominici
1327 2881 1385 2946 nulls

271 2977 274 2982 ’
343 2987 515 3062 vagantur,
551 2977 740 3040 liberalitatis
760 3000 831 3040 auae
852 2977 949 3040 fontes
970 2999 1033 3040 nou
1054 2917 1196 3042 occinuit.
1236 2977 1385 3056 Qutpffli’l‘l

344 3062 488 3142 quando,
519 3072 556 3122 ut
585 3062 723 3124 Socrates
752 3063 857 3124 scribit
879 3060 932 3126 lib.
954 3084 985 3144 ρ.
1007 3083 1074 3144 cap.
1102 3081 1161 3144 17,
1183 3081 1260 3142 aqua
1285 3053 1384 3134 baptimi

345 3147 481 3218 evanuit,
504 3165 575 3206 cum
600 3145 729 3208 ludaeus
749 3145 873 3230 quidam
893 3146 1062 3227 impostor,
1081 3148 1143 3204 iam
1163 3155 1233 3204 ante
1251 3143 1385 3222 baptimate

349 3247 369 3287 a
392 3227 541 3289 catholieo
561 3230 700 3312 episcopo
713 3229 835 3302 tinctus,
858 3229 959 3291 denuo
979 3249 998 3289 a
1017 3228 1186 3288 Novatiauo
1211 3225 1338 3286 Antistiae
1351 3217 1386 3275 br

347 3312 457 3390 ptizari
477 3311 580 3391 vellet,
602 3313 783 3374 miraculum
811 3311 887 3374 illud
908 3333 969 3374 uon
990 3311 1117 3388 accidit,
1136 3321 1172 3371 ut
1191 3310 1385 3370 Nouatiaooiua

346 3391 479 3456 haeresis
496 3395 681 3471 firmaretur,
701 3395 754 3457 sed
776 3406 812 3457 ut
831 3397 942 3458 veritas
965 3394 1131 3456 catholicae
1151 3393 1287 3456 ecclesiae
1304 3388 1336 3448 de
1355 3381 1386 3439 ht

345 3477 459 3560 ptismo
473 3499 535 3540 non
547 3479 685 3541 iterando
697 3479 963 3544 demonstraretur.
986 3479 1037 3540 Sic
1054 3497 1126 3538 cum
1147 3499 1203 3560 per
1221 3477 1327 3556 εἰριωπ
1341 3483 1386 3524 ⁵²⁸·

345 3569 414 3623 ctae
434 3563 551 3642 crucis,
577 3583 633 3644 per
653 3565 822 3645 imagines,
850 3584 905 3645 per
925 3561 1041 3645 lipsana
1059 3561 1220 3632 divorum,
1244 3577 1296 3640 per
1311 3563 1384 3630 ψῃ

345 3644 484 3726 precibus
504 3643 644 3708 ecclcsiae
663 3658 881 3719 consecratam,
902 3667 957 3730 per
975 3647 1158 3707 exorcismos
1196 3655 1226 3705 et
1254 3661 1304 3724 per
1319 3641 1384 3693 Μ

344 3727 479 3790 eiusdem
500 3728 617 3807 classis,
638 3740 691 3790 aut
710 3729 826 3793 coelitis
843 3730 971 3791 alicuius
991 3729 1135 3813 singulari
1156 3729 1255 3790 favore
1272 3732 1300 3783 et
1314 3724 1384 3800 paor

344 3811 440 3888 aimo,
466 3811 548 3894 apud
569 3809 748 3892 haereticos,
769 3813 972 3874 schismaticos
1000 3823 1032 3873 et
1065 3811 1202 3872 ethnicos
1222 3825 1304 3890 opere
1321 3811 1384 3880 Ψ

344 3892 416 3956 dam
429 3905 555 3956 naturae
574 3901 639 3957 vim
654 3907 685 3958 et
704 3896 877 3960 facultatem
890 3896 1062 3979 superantia
1077 3897 1231 3972 eveniunt,
1245 3911 1277 3950 ea
1289 3877 1385 3976 alla·line

343 3997 406 4038 non
420 3983 577 4058 eveniunt,
589 3999 681 4062 quam
696 3993 731 4043 ut
742 4002 760 4043 a
772 3980 936 4043 catholicae
953 3979 1094 4041 ecclesiae
1105 3978 1166 4040 fide
1177 3989 1208 4038 et
1218 3973 1386 4036 communtffl‘

345 4059 555 4125 aberrantibus
575 4063 708 4125 eiusdem
727 4065 895 4146 integritas,
917 4063 1058 4124 muctitas
1074 4073 1104 4124 et
1125 4062 1273 4124 sincerius
1286 4044 1384 4142 {ulffiat

345 4141 406 4202 Sed
430 4146 505 4224 quid
526 4145 708 4226 dicendum,
738 4151 764 4210 si
785 4145 929 4210 miracula
957 4167 1020 4208 non
1040 4145 1134 4208 moda
1164 4147 1195 4207 in
1213 4141 1384 4224 sehisuffllfi⁰⁸¹

345 4223 512 4290 haeruicoa
529 4241 561 4291 ct
579 4229 715 4293 ethnicos
735 4251 755 4295 a
775 4234 885 4296 sanclis
904 4233 937 4294 in
958 4227 1069 4306 coelo,
1091 4251 1147 4313 per
1165 4226 1315 4308 reliquitur
1331 4225 1384 4272 ω’
