2944 4934
339 291 395 358 an
424 291 702 361 maracuzuru
731 297 807 366 tre.
827 299 883 370 in.
991 361 996 368 ,
1057 267 1142 386 539

73 447 250 514 samisimae
272 467 366 528 genus
383 446 544 522 meristae,
572 448 665 510 etiam
686 451 719 510 iu
743 457 901 528 manuos,
927 461 1083 536 tamquam
1103 457 1136 518 io

72 536 166 604 rivos,
189 533 352 594 desaevire.
372 550 504 592 sorren.
1072 565 1074 574 ,

144 615 313 696 Papilio,
340 611 385 674 18.
422 633 536 696 quens
569 612 693 697 Papa
728 615 883 696 eligere
919 619 1138 680 consuevit.

72 703 169 776 Nota,
198 697 288 761 etiam
306 695 465 760 schismate
482 694 599 758 divulsa
628 696 767 759 orientali
788 697 913 760 ecclesia
935 718 953 761 a
976 699 1137 778 Romana,

71 785 235 868 pontificem
248 783 416 842 Romanurn
432 777 526 839 nihilo
536 780 636 842 minus
656 779 777 842 solitum
795 779 905 865 eligere
922 784 1135 864 patriercham.

73 871 150 948 Quia
175 863 313 928 videlicet
346 862 582 924 iurisdictionem
619 874 861 950 potestatemque,
883 866 942 928 sibi
970 888 998 932 a,
1018 867 1139 930 Christo

71 954 207 1014 traditam
231 969 292 1008 nou
314 947 464 1008 amiserat.
487 966 617 1013 nostru.
816 1001 821 1010 ,

51 1095 54 1100 ,
151 1029 945 1115 Pag.582‚no.sulripsisaliquandoscit.
986 1031 1051 1096 Sub
1069 1033 1139 1116 qui·

70 1118 129 1180 bus
148 1115 259 1180 badula
277 1125 308 1176 et
328 1113 473 1196 quamdiu
495 1111 585 1174 suerit
600 1113 885 1199 Constantinopolis,
905 1116 1064 1180 docuimus
1081 1138 1164 1194 um.

72 1204 112 1262 tis
130 1201 158 1262 in
174 1197 226 1263 lib.
243 1217 275 1259 a.
300 1217 368 1279 cap.
386 1195 435 1261 56.
458 1215 585 1261 norrea.

150 1279 375 1364 Pag.587,or.
409 1281 507 1340 hunc
536 1281 643 1344 enim
671 1301 830 1346 morem.
870 1281 1015 1366 Exempla
1046 1287 1142 1350 moris

73 1367 162 1429 huius
184 1386 238 1448 ego
259 1361 342 1425 nulla
371 1362 515 1424 haetenus
543 1359 620 1446 legi:
651 1384 707 1426 nec
724 1375 826 1428 tamen
858 1365 1037 1432 historicum
1062 1371 1142 1434 istuc
1206 1405 1212 1428 a
1246 1389 1249 1398 ’
1310 1349 1316 1358 ’

69 1461 179 1512 temere
200 1445 362 1510 affirmasse
381 1457 466 1530 puto.
486 1467 615 1511 nosris.

152 1532 383 1614 Pag.597,19.
417 1529 528 1592 lotis·
556 1529 753 1600 manibus.
803 1531 884 1596 Nota
911 1536 1021 1602 veneni
1049 1553 1144 1619 genua

68 1616 364 1701 praesentissimum,
398 1633 433 1684 es
465 1614 667 1695 sequentibus.
708 1617 757 1678 De
780 1637 896 1678 veneno
914 1639 967 1699 per
996 1617 1075 1682 filios
1099 1619 1141 1682 ab

65 1701 226 1782 Antipatro
252 1697 316 1780 regi
335 1694 507 1758 Alexandro
530 1697 602 1758 dato
635 1698 666 1760 in
685 1698 815 1781 poculo,
846 1701 978 1763 lustinus
1007 1701 1063 1768 tib.
1090 1723 1141 1768 ra.

66 1794 181 1844 tantam
199 1783 262 1842 eius
282 1783 371 1842 fuisse
391 1782 472 1857 vim,
499 1790 536 1841 nt
567 1801 628 1842 nou
655 1803 745 1863 aere,
765 1804 827 1845 uon
848 1785 949 1861 ferro,
983 1805 1044 1845 nou
1065 1796 1144 1846 testa

64 1862 1146 2032 ttiltttattslittei?ltttdtsttptt‘lt

280 1995 285 2006 ·
599 1993 605 2007 ’
661 1991 670 2024 s

66 2032 127 2094 lnti
144 2031 203 2094 telo
224 2029 357 2092 confixus
378 2030 539 2110 ingemuitr
574 2029 730 2112 elatusque
749 2053 767 2094 e
787 2035 927 2096 convivio
950 2035 1145 2112 semianimis,

65 2125 153 2176 tanto
171 2111 274 2176 dolore
295 2114 445 2172 cruciatus
465 2124 537 2193 est,
566 2124 600 2175 ut
631 2115 742 2176 serrum
771 2117 802 2177 in
830 2117 964 2180 remedia
993 2127 1144 2200 posceret,

65 2209 240 2280 tactumque
259 2196 417 2258 hominum
439 2195 523 2258 velut
540 2195 667 2258 vulnera
694 2198 895 2269 indolesceret.
918 2220 1044 2264 narrar.

150 2278 376 2364 Papdodnr.
406 2279 672 2364 imperatrice
699 2283 867 2361 cosilio
893 2284 941 2344 im
977 2296 1145 2347 eratore.

64 2364 186 2426 Scilicet
209 2366 266 2425 hoc
286 2382 321 2423 su
344 2374 441 2423 ererat
470 2363 509 2424 ad
532 2366 685 2446 periturae
710 2367 854 2428 Graeciae
881 2368 1079 2440 incitatam,
1110 2377 1146 2428 ut

62 2449 176 2510 femina
203 2469 273 2510 euru
300 2385 364 2508 fillo
388 2446 562 2530 quindecim
592 2464 741 2510 annorum
766 2449 949 2532 praesideret
975 2449 1092 2532 synodo
1116 2459 1147 2511 et

63 2533 211 2614 episcopis
238 2531 306 2592 iura
330 2529 426 2597 daret.
467 2531 544 2608 Quis
569 2529 618 2592 vel
648 2530 741 2592 faudo
764 2532 836 2594 talia
857 2532 998 2595 audivit?
1038 2533 1146 2614 Neque

61 2619 147 2676 enirn
168 2625 285 2676 tantum
310 2613 480 2694 praesedit,
508 2613 566 2674 hoc
591 2624 646 2691 est,
668 2617 767 2696 primo
792 2613 874 2692 loco,
901 2626 972 2678 aute
992 2615 1148 2698 episcopos

61 2699 163 2776 sedit,
190 2709 225 2760 ut
247 2699 413 2758 Martianus
446 2693 521 2756 oliin
547 2697 580 2756 in
604 2695 731 2758 coucilia
756 2698 994 2762 Chalcedoneusi
1012 2711 1043 2760 et
1065 2699 1148 2760 con·

62 2784 216 2844 stautinua
237 2783 270 2842 in
295 2774 424 2840 eoncssio
446 2789 537 2843 sexto.
579 2779 643 2840 Nec
670 2781 819 2862 praesedit
839 2793 970 2862 tantun,
991 2793 1028 2844 ut
1048 2793 1148 2865 patrea

57 2865 172 2948 synodi
191 2864 230 2927 ab
250 2867 333 2926 omni
357 2861 590 2926 violentiatutos
606 2875 769 2944 praestaret
786 2877 973 2948 cancerque,
997 2877 1033 2926 ut
1044 2867 1148 2928 omnia

61 2949 201 3032 legitime
222 2949 288 3009 sine
310 2949 352 3020 vi,
373 2945 481 3008 fraude
497 2956 530 3006 et
543 2944 725 3008 tumultibus
747 2961 972 3032 peragerentur,
994 2949 1046 3010 sed
1060 2969 1148 3031 prae·

58 3034 156 3110 sedit,
177 3042 212 3092 nt
236 3030 510 3092 controversiarum
541 3039 572 3090 et
598 3033 809 3111 quaestionum
832 3031 930 3096 iudex.
961 3033 1049 3094 Hauc
1067 3032 1149 3092 enin

56 3125 245 3199 potestatem
267 3113 418 3174 recentior
446 3123 477 3173 et
497 3113 666 3196 inperitior
684 3115 810 3176 Graecia
832 3117 893 3176 suia
917 3115 1148 3198 imperatoribus

55 3197 215 3260 detulerat
235 3197 372 3259 inaudito
393 3217 411 3256 a
431 3194 622 3258 Christianae
643 3195 714 3261 lidei
730 3196 926 3261 incunabulis
944 3198 1094 3282 exemplo,
1114 3208 1151 3260 ut

54 3283 154 3344 docet
174 3278 344 3344 Cardiualis
367 3277 566 3379 bellarminus
587 3278 640 3342 lib
658 3295 686 3339 t.
716 3279 757 3342 de
782 3281 927 3346 conciliis
960 3293 991 3346 et
1011 3282 1149 3346 Ecclesia

52 3365 514 3531 tertiabit&
536 3374 759 3514 weiht
772 3365 1030 3535 nllwssffl
1053 3383 1149 3533 titt:

50 3534 274 3597 oecumenicae
297 3530 406 3616 synodi
437 3532 471 3592 in
498 3531 626 3592 Graecia
658 3531 845 3610 celebratae,
880 3535 1000 3598 dubus
1028 3545 1150 3597 tantun

50 3619 262 3704 imperatores
286 3615 549 3697 subscripserunt,
578 3614 679 3696 iuquit
710 3617 956 3702 Villelpaudaeus
986 3619 1096 3700 disput.
1117 3635 1149 3676 a.

50 3718 116 3784 pro
152 3695 272 3763 (icncil.⁴
298 3699 449 3775 Trident„
482 3697 629 3758 nimirum
657 3709 758 3763 sertae
788 3714 819 3765 et
848 3715 982 3770 ocmvae.
1023 3700 1086 3764 Sed
1114 3701 1149 3760 io

49 3795 144 3848 sexta
170 3785 334 3866 imperator
346 3781 562 3844 Constantinus
581 3777 706 3842 ultimus
723 3786 859 3846 omnium
877 3785 1062 3868 subsmipsit,
1085 3801 1149 3844 nou

47 3867 233 3946 definiens,
259 3865 312 3928 sed
333 3865 531 3928 consentiens.
572 3861 615 3924 Et
637 3863 765 3928 basilias
791 3871 958 3950 imperator
983 3869 1014 3930 iu
1045 3877 1153 3929 octava

48 3952 182 4033 synodo
200 3949 376 4031 subscripsit
396 3957 464 4028 post
482 3965 586 4007 omues
606 3947 801 4026 patriarchas,
834 3951 972 4014 similiter
992 3971 1055 4012 nou
1075 3949 1152 4012 defi-

45 4031 803 4199 sttrsrnffitrtrartnar:
818 4035 1154 4182 “sarram

46 4201 294 4285 Constantinam,
315 4195 508 4262 Theodosius
528 4195 748 4280 ettlartiauns,
770 4161 872 4267 teclam
892 4221 926 4266 se
945 4201 1156 4289 arbamipsisee
