3098 4928
577 327 709 392 utens
752 313 804 392 ιν.
1207 303 1231 390 5

142 479 315 538 occidendis.
359 481 518 536 Merulanes
547 478 586 533 od
610 485 800 552 imperatorem
829 483 957 539 iuuenem
984 483 1164 552 iugulandum
1193 487 1228 539 ab

143 554 272 607 Orobaue
298 552 465 604 subornatus
490 550 711 621 deprehenditur.
746 555 912 623 imperatris
936 560 1016 606 Auno
1024 557 1123 632 silium
1147 555 1231 610 Thes-

144 625 289 676 salouicae
313 623 441 693 relinqui
463 639 520 674 non
541 623 684 692 vult(16).
722 624 843 676 Cauetur
860 641 878 675 a
898 625 1080 680 Macedoniae
1098 625 1232 696 direptio-

145 695 231 746 nibus.
269 691 434 764 Prasesectus
450 695 659 764 Anactoropolis
677 694 770 746 urbem
789 694 844 746 sibi
862 693 1007 758 uindicat,
1025 697 1093 749 locis
1109 697 1173 749 aliis
1189 699 1235 749 in-

138 765 235 836 sessas.
273 765 431 832 Imperator
447 764 506 819 eius
525 779 612 816 naves
630 763 763 816 incendit.
799 763 938 818 Orclsaues
977 765 1044 820 lium
1068 783 1128 818 cum
1146 769 1232 818 sociis

147 845 278 886 revocat:
293 843 467 885 revertentes
480 833 610 884 Moesiam
623 831 833 902 depopulentur.
869 835 939 887 Prae
954 837 1007 890 ects'
1016 836 1234 904 Amphipolitoni

148 906 178 958 in
194 906 387 973 imperatorem
405 901 571 955 humanitus.
608 903 820 957 Thessalonicae
836 907 983 984 intestinae
997 904 1174 960 discordiae:
1188 923 1234 959 res

143 974 267 1045 feliciter
290 971 453 1042 gesta(17).
497 973 593 1028 Veneti
610 991 687 1042 opem
704 972 834 1026 aduersus
855 967 1009 1030 Geuub'uses
1027 978 1133 1027 nullam
1146 979 1232 1044 impe·

152 1055 232 1096 traut.
270 1044 336 1094 Cass
344 1042 473 1110 principe
483 1054 633 1112 pastorum,
654 1061 706 1112 pro
716 1043 786 1116 filio
807 1047 919 1113 captivo
936 1043 1082 1099 liberando
1102 1059 1231 1116 rogante,

151 1127 253 1183 pactum
278 1112 334 1166 iuis
361 1112 519 1180 imperator.
564 1115 624 1179 Qua
644 1115 754 1166 ratione
772 1113 936 1168 Bemboeam
958 1116 1052 1170 Croles
1075 1118 1169 1167 munio
1187 1119 1234 1168 rit.

155 1183 192 1235 os
205 1183 324 1236 nauibus
340 1185 373 1232 iu
391 1185 513 1234 transitu
523 1181 655 1254 fluminis
679 1181 815 1252 impeditis
837 1197 864 1236 et
890 1185 974 1238 maris
994 1199 1071 1242 aesta
1088 1134 1231 1257 expeditis.

154 1253 288 1306 Berrlsaea
303 1253 424 1320 capitur.
452 1252 544 1304 Persis
560 1251 713 1322 diripiendi
727 1254 820 1306 Cralis
834 1257 974 1324 regionem
980 1255 1022 1323 fit
1054 1267 1153 1310 otestos
1167 1257 1256 1330 (18).·

157 1323 250 1375 Mouet
264 1319 389 1373 Edessam
408 1323 559 1392 imperator
575 1335 602 1374 ec
620 1339 666 1392 spe
684 1339 733 1374 sua
747 1323 911 1391 frustratur.
951 1275 1087 1396 oppidula
1103 1326 1186 1394 plura
1204 1341 1232 1378 se

162 1389 266 1444 dedunt.
297 1389 446 1460 Eepeditio
467 1393 497 1443 in
516 1394 636 1449 Seruios.
681 1391 782 1463 Oppidi
804 1392 963 1467 descriptio.
1006 1395 1232 1451 Suburbauorum

165 1463 292 1513 transitio.
328 1463 398 1514 llrbs
416 1474 600 1531 oppugnatur.
638 1463 721 1517 Urbes
739 1464 866 1532 egregiae
887 1477 914 1518 et
937 1467 998 1533 ipsa
1017 1465 1136 1534 Scopia,
1155 1462 1233 1518 sedes

168 1531 254 1593 Crals's,
271 1533 463 1601 imperatorem
481 1545 617 1600 expetunt.
660 1537 684 1584 A
703 1531 829 1598 dynastis
846 1535 908 1587 item
928 1534 1089 1586 Triballicis
1113 1535 1232 1588 accersi-

161 1613 208 1657 tur.
245 1601 303 1654 iiio
332 1603 532 1672 trausflsgiunt.
575 1601 687 1656 lieditus
714 1603 890 1673 imperatoris
915 1603 1139 1656 thessalonicam
1166 1605 1230 1674 (19).

157 1671 285 1740 Profectio
305 1673 568 1736 Gynaecocostrnm.
612 1671 736 1746 Perfidia
758 1673 896 1746 praejecti
917 1671 1035 1727 eiusdem
1058 1674 1121 1727 loci.
1162 1679 1232 1727 Ante

158 1739 374 1794 Thessalonicam
393 1743 469 1793 iuter
491 1741 599 1793 Cralem
618 1753 646 1797 et
661 1745 853 1816 imperatorem
871 1744 1059 1817 colloquium:
1076 1744 1124 1796 ubi
1136 1760 1163 1796 so
1184 1745 1234 1795 im-

185 1824 261 1864 rator
275 1809 421 1882 defendit,
445 1812 585 1886 ipsumque
601 1814 742 1881 periurum
760 1826 787 1865 et
804 1831 913 1866 causam
934 1813 1000 1866 belli
1017 1811 1155 1868 ostendit:
1186 1815 1233 1865 ui·

170 1881 205 1931 ilo
221 1882 312 1934 miuus
331 1883 393 1933 eius
414 1882 443 1931 iu
461 1899 491 1933 se
510 1894 536 1935 et
553 1885 649 1934 uxoris
666 1882 875 1952 beneficentiam
890 1895 915 1938 et
927 1883 1124 1936 humanitatem
1136 1881 1235 1934 laudat

153 1948 212 2018 (so).
248 1953 348 2006 Crales
360 1948 509 2024 perfidiam
525 1951 692 2021 confitetur:
717 1952 811 2004 ablata
835 1971 892 2006 non
910 1951 1017 2007 reddit.-
1043 1955 1236 2022 imperatorem

152 2020 354 2074 incredibiliter
378 2023 465 2072 timet.
502 2021 621 2075 Cteruam
643 2023 724 2074 urbes
741 2035 891 2094 occupatas
908 2026 1028 2078 retinere
1044 2024 1145 2094 cupiat.-
1180 2023 1235 2074 lm-

148 2105 258 2160 ptrotor
287 2093 318 2144 ei
343 2091 543 2161 improbitatem
568 2109 664 2142 sursus
687 2090 792 2145 obiicit.
836 2093 946 2146 Urbium
970 2094 1097 2164 partitio.
1132 2093 1193 2146 Pax
1210 2102 1237 2146 et

149 2163 267 2230 epulatio
290 2163 358 2227 (at).
394 2161 436 2212 De
456 2161 547 2212 Cralis
563 2159 695 2234 perfidia.
734 2160 835 2232 Cbpt'oe
858 2164 988 2233 utrinque
1013 2161 1126 2218 eductae
1144 2175 1172 2215 et
1194 2163 1235 2214 ci-

150 2243 188 2282 tra
206 2232 352 2300 praelitam
371 2228 508 2282 reductae.
545 2231 697 2301 imperator
714 2229 852 2284 iuniorem
870 2234 1081 2302 imperatorem,
1105 2233 1238 2285 loannem

152 2319 248 2370 remp,
267 2299 306 2354 de
319 2301 402 2353 Grale
423 2299 548 2354 cavendo
564 2314 664 2362 mouet,
683 2303 733 2372 qui
744 2300 903 2373 proditione
920 2301 1052 2356 Edessam
1064 2303 1146 2372 capit.
1182 2303 1238 2368 Ly·

151 2373 197 2424 eici
217 2372 364 2454 praefecti
382 2389 475 2442 poena
507 2385 534 2423 ct
553 2371 651 2424 obitus.
687 2368 811 2426 Edessae
829 2375 948 2430 eversio.
988 2373 1093 2442 Purgat
1114 2389 1141 2426 so
1161 2373 1239 2426 Moe·
1336 2434 1339 2440 ἱ

151 2459 233 2494 sorum
259 2461 323 2512 regi
352 2453 503 2510 imperator
527 2441 560 2495 de
586 2443 762 2512 impressione
787 2441 969 2496 barbarorum
990 2443 1020 2493 in
1037 2444 1096 2496 eius
1113 2459 1238 2524 regnum:

150 2514 294 2564 consilium
324 2509 374 2563 dot
392 2511 425 2563 de
449 2512 507 2562 illis
523 2514 633 2565 Moesia
650 2525 678 2566 et
695 2510 818 2564 Tlsracia
836 2509 1026 2584 prohibendis.
1063 2510 1236 2580 Prodigium,

149 2599 198 2666 qua
220 2573 392 2636 Alexander
413 2593 512 2634 contra
542 2582 650 2636 Cralem
676 2581 802 2651 erigetur.
835 2584 947 2636 Nauale
969 2594 1113 2654 purgatur.
1149 2580 1240 2634 Moesi

149 2653 356 2713 smonstantia,
375 2669 453 2720 quem
464 2655 576 2722 frustra
592 2669 727 2706 reuocare
746 2664 865 2705 conatur
881 2653 1032 2724 imperator
1048 2651 1114 2720 (aa).
1150 2653 1238 2720 Syno-

151 2719 196 2773 dus
209 2735 330 2792 propter
346 2719 476 2772 lsaeresin
497 2723 640 2774 Barlaami
652 2733 678 2775 et
688 2719 837 2790 Aciudsui.
876 2722 971 2774 Gurse
990 2720 1139 2776 occultaris
1153 2722 1239 2773 Aciu-

151 2790 243 2858 dyusss.
285 2790 472 2858 Quatriduum
491 2794 522 2844 in
539 2789 739 2861 disceptatione
756 2793 880 2860 ponitur.
916 2791 1021 2862 presi
1037 2803 1062 2844 et
1084 2791 1159 2847 Gaui
1176 2790 1238 2858 epi-

151 2864 221 2930 scopi
242 2873 475 2917 exauctorantur.
517 2862 558 2912 De
584 2862 673 2914 tribus
696 2863 775 2915 tomis
799 2861 971 2930 conscriptis.
1009 2861 1189 2914 Barlaamitis
1211 2871 1238 2910 et

154 2929 326 3000 Asindyassis
345 2931 484 2984 silentium
504 2929 657 2984 indicitur:
674 2933 706 2984 in
722 2930 855 2984 custodiis
872 2933 1009 2984 liabentur
1026 2933 1090 2998 (23).
1128 2929 1168 2981 De
1186 2929 1239 2981 tit-

153 3002 266 3073 cspboro
288 3005 427 3071 (ingara,
449 3011 481 3053 ut
497 2999 637 3062 seditioso,
656 2999 787 3056 mendace
802 3013 829 3053 et
845 3003 875 3053 iu
888 3002 1030 3054 ecelesiam
1044 3000 1237 3066 Byzantium,

154 3075 181 3123 in
198 3075 394 3142 imperatorem
410 3082 437 3123 et
454 3070 600 3124 monaebos
618 3068 761 3126 maledico.
797 3069 911 3124 Fabella
932 3070 1057 3122 Atlantis
1075 3067 1114 3119 ad
1128 3081 1239 3119 sanctos

159 3143 299 3194 monachos
316 3139 532 3197 accommodata.
569 3141 624 3192 Cur
644 3144 796 3210 imperator
816 3137 854 3192 od
869 3151 985 3192 montem
1003 3135 1073 3189 Atbo
1089 3137 1239 3206 profectus:

162 3227 204 3262 cer
218 3210 284 3265 inde
303 3228 454 3265 reuersus.-
471 3228 522 3262 cur
538 3212 850 3282 imperiumsusecperit.
886 3209 957 3262 Eius
973 3205 1241 3260 iucurandoeccle-
1287 3269 1292 3280 ¹

164 3285 212 3332 siat
231 3299 300 3352 pace
325 3279 461 3334 sedulitas
478 3282 543 3350 (ab).
587 3283 688 3334 Iterum
707 3291 807 3333 contra
827 3281 976 3348 Gregoram
994 3275 1147 3330 disseritur.
1188 3277 1240 3330 Ve-

163 3355 216 3402 neti
237 3363 339 3404 contra
367 3353 524 3402 oeuuemes
550 3351 686 3404 auxilium
705 3361 810 3419 petunt.
849 3350 1055 3417 Tempurorium
1065 3345 1169 3418 foedus
1190 3348 1241 3400 Ve-

160 3433 277 3474 netonsss
302 3439 366 3476 essm
390 3422 555 3488 imperatore
581 3418 653 3473 uude
678 3433 767 3473 ortum
784 3420 849 3486 (25).
894 3420 1090 3472 Galataeorum
1111 3419 1242 3486 superbia

156 3509 218 3542 cuns
235 3492 402 3561 arrogantia
419 3489 697 3544 Lacedaemoniorum
715 3489 866 3557 confertur.
900 3491 1000 3542 Sarum
1019 3489 1180 3553 Byzantium
1201 3489 1243 3538 bis

152 3565 279 3614 tersum.-
307 3562 409 3614 bellnm
434 3561 474 3613 eis
500 3558 645 3618 indicitur.
682 3560 746 3611 Cum
772 3561 880 3612 Venetis
898 3561 1050 3629 imperator
1069 3569 1167 3612 contra
1191 3559 1243 3610 Ge·

153 3649 269 3686 uncum
286 3633 446 3686 societatem
464 3632 525 3683 init.
561 3633 621 3684 Gur
637 3641 756 3682 mutuum
774 3630 825 3681 liae
836 3628 908 3681 duae
920 3646 964 3681 res
976 3627 1103 3698 publicae
1116 3625 1243 3698 infistae.

155 3705 274 3756 Galatae
298 3703 429 3756 obsessio.
476 3702 593 3754 Venetae
617 3701 714 3756 classis
727 3701 862 3769 praeuecti
881 3697 1013 3752 audacia.
1052 3697 1119 3748 Tres
1140 3696 1243 3749 maclsi·

150 3791 205 3825 nae
215 3772 334 3844 frustra
348 3783 532 3839 comparatae.
567 3771 608 3823 De
619 3770 792 3842 septuaginta
805 3769 961 3822 triremibus
975 3766 1158 3822 Genuensium
1168 3783 1245 3816 uuu-

150 3844 219 3898 tius.
254 3841 358 3911 Populi
377 3841 530 3893 caunensis
549 3853 648 3894 eontra
674 3841 817 3909 optimates
828 3839 943 3901 'turboe,
963 3854 1078 3908 unorum
1096 3835 1244 3901 sumptibus

148 3931 204 3966 eae
222 3929 313 3966 naves
331 3921 514 3968 constructae.
554 3912 650 3964 Veneti
668 3907 749 3962 ducis
768 3910 895 3978 ignavia.
934 3910 1036 3959 Galata
1053 3905 1167 3976 flustra
1194 3923 1244 3972 ap-

144 3995 302 4053 puguatttr.
353 3979 558 4040 Tarebans'otue
585 3979 726 4033 luoobium
754 3980 880 4048 grauiter
904 3977 1078 4030 vulneratur.
1127 3975 1245 4032 Venetus

148 4053 261 4106 donem
287 4051 464 4118 renavigant
489 4053 643 4104 Geauenses
668 4052 722 4102 su's
748 4047 843 4119 effugit
872 4047 939 4114 (26).
976 4049 1129 4113 Imperator
1147 4045 1245 4095 iunior
1285 4049 1296 4072 ⁹

145 4123 357 4176 malevolorum
377 4121 557 4173 sermunculis
574 4122 604 4172 iu
623 4137 745 4172 socerum
758 4115 926 4173 incenditur.
961 4114 1045 4168 lidum
1058 4112 1244 4168 Andronicum

145 4193 335 4249 callidissime
358 4187 519 4256 decipiunt,
537 4207 592 4260 quo
611 4191 671 4242 eius
689 4187 811 4242 discessu
829 4188 945 4239 liberius
961 4188 1018 4244 siut
1036 4201 1160 4256 nequam.
1177 4227 1180 4242 ‚
1197 4181 1247 4234 Ad
1325 4221 1328 4230 ,

143 4265 241 4342 filiun
259 4259 506 4320 reconciliandum
525 4269 609 4320 anua
625 4260 788 4334 imperatris
807 4278 825 4314 a
847 4257 1039 4312 Cautaeueeno
1051 4254 1179 4315 uiatico,
1199 4255 1247 4306 cui
