2874 4944
294 352 350 420 en
381 351 841 422 muneremunere
1018 325 1108 441 459
1163 387 1170 404 .

44 506 173 588 fugienti:
195 522 257 568 non
276 503 374 569 solum
392 527 432 569 ne
452 507 560 569 lortius
582 529 618 570 ex
638 505 813 570 necessitato
830 507 967 582 mdstet,
1000 507 1053 569 red
1076 518 1113 569 ut

43 601 133 670 postea
153 611 272 673 quoque
291 591 406 653 facilius
420 591 613 674 acieeedetr
637 601 735 669 retus,
755 611 818 652 non
837 611 933 674 resque
952 589 992 654 ad
1011 593 1111 674 perni-

42 673 108 732 ciem
127 673 307 756 fugientibus
329 676 490 737 instaturos
510 677 649 742 victores.
673 693 804 734 sorren.

113 755 192 838 Peg.
209 756 281 842 547,
297 758 327 818 3.
349 771 417 820 cut
435 761 599 820 honeste
619 758 825 819 uicturos.
849 754 942 835 Quod
961 755 1112 838 profiteb-

41 848 93 908 nn,
114 859 144 900 se
167 839 290 902 honeste
310 843 460 918 victuros,
483 841 637 917 indicant,
659 861 721 902 non
743 840 912 924 fugituros,
942 833 1112 900 ethoetem

39 933 219 1003 superaturos
238 926 358 1007 potius,
379 945 472 1006 quam
494 945 526 986 se
547 924 592 986 illi
612 915 777 990 dedituros.
818 923 897 984 Nem
918 924 972 1005 qui
992 943 1113 1004 eprae-

38 1001 75 1064 lio
94 1005 178 1089 fugit,
199 1028 262 1068 non
286 1010 365 1069 vivit
384 1008 530 1070 honeste:
564 1029 620 1070 nec
642 1009 694 1091 qui
716 1029 747 1069 se
765 1008 875 1069 timore
896 1006 1010 1068 fructus
1029 1005 1111 1067 hosti
1241 1014 1246 1024 ’

37 1085 119 1151 dedit.
161 1090 304 1152 lnetitnto
332 1093 455 1173 quidem
483 1091 810 1169 Lacedaemoniorum,
838 1090 920 1174 apud
950 1110 1028 1172 quos
1057 1099 1113 1150 aut

36 1171 147 1232 vincere
158 1175 316 1256 oportebat
328 1187 381 1238 eut
400 1176 491 1252 mori,
505 1174 582 1236 nibil
595 1175 726 1236 dabatur
739 1173 873 1236 ternum.
908 1173 1113 1234 Lacedaemo-

33 1255 144 1316 niorum
166 1258 260 1339 igitur
273 1261 396 1341 spiritus
415 1271 447 1320 et
467 1261 583 1320 animos
602 1258 712 1321 milites
732 1259 781 1321 isti
802 1256 956 1340 gerebant.
976 1274 1109 1317 sorren.

112 1339 331 1424 Pag.3dp,d.
360 1345 550 1426 signoque
584 1343 725 1405 erucis.
773 1340 964 1403 Christianae
991 1341 1113 1421 pietatis

34 1429 82 1494 ert,
103 1426 206 1484 omnin
228 1427 261 1485 in
285 1427 409 1487 nomine
427 1425 551 1487 Domini
573 1435 604 1487 et
634 1446 704 1486 cum
724 1423 834 1486 fiducia
853 1421 988 1486 caelestis
1008 1420 1112 1486 auxilii

31 1501 138 1567 secere:
175 1509 264 1570 ouius
284 1509 450 1572 voluntatis
480 1510 602 1592 scepei
642 1509 762 1592 signum
793 1519 861 1585 est,
894 1506 1059 1568 formatum
1079 1507 1113 1566 in

30 1584 121 1649 fronte
149 1602 204 1652 aut
238 1594 272 1652 in
302 1595 371 1656 eie're
397 1603 469 1655 ente
498 1603 713 1674 nonexpresse
743 1613 835 1654 mann
865 1602 987 1652 mactae
1013 1589 1113 1649 crucis

31 1670 147 1750 figurae
173 1695 230 1757 per
261 1695 355 1758 quam
376 1675 457 1739 bons
477 1676 579 1737 omnia
611 1686 643 1737 et
670 1675 759 1738 salus,
773 1675 862 1737 nobis
889 1695 945 1756 per
977 1671 1073 1734 filium
1093 1691 1114 1732 a

28 1751 88 1814 Deo
112 1758 374 1842 petreimpetratu
393 1771 447 1822 est.
490 1759 591 1820 Credo
614 1762 705 1820 etiem
725 1758 782 1820 bos
804 1757 915 1822 milites
934 1757 1028 1818 luisse
1049 1775 1114 1815 nse·

27 1853 118 1930 nores
137 1839 223 1903 illius
234 1887 246 1921 ,
267 1843 352 1925 quod
370 1845 404 1904 in
423 1844 488 1906 vite
510 1843 701 1906 Constantini
724 1841 868 1926 legimus,
892 1843 927 1902 in
949 1843 1004 1901 lroc
1028 1841 1114 1920 signo

26 1939 129 1984 vinces
170 1925 254 1986 Sunt
281 1937 312 1988 et
338 1926 397 1989 alia
417 1925 573 2007 exempla,
606 1937 636 1989 et
657 1947 755 1990 nuum
774 1925 891 1988 illustre
912 1925 1008 1986 sancti
1028 1923 1115 1982 Mer-

25 2003 91 2080 tini,
119 2009 170 2068 cui
198 2029 272 2070 cum
292 2010 437 2072 timiditas
457 2009 658 2089 obiiceretur,
704 2019 806 2092 ropter
825 2029 919 2092 quem
938 2007 1113 2069 missionem

22 2097 141 2170 peteret,
154 2113 226 2174 ego,
241 2095 354 2175 inquit,
369 2096 452 2175 sr'grro
466 2094 573 2172 erucis,
589 2115 649 2154 nore
659 2033 763 2177 clupeo
774 2103 922 2178 protectus
939 2104 996 2152 aret
1010 2089 1113 2172 galea,

22 2169 141 2234 hostien
163 2197 274 2236 cuneos
290 2177 455 2260 penetrabo
466 2197 591 2242 secunao.
613 2176 763 2260 sulpitius
778 2179 811 2238 in
831 2178 875 2237 eis
895 2169 969 2240 vitri.
982 2191 1114 2236 rorrsn.

95 2257 181 2340 Pag.
199 2259 277 2340 348,
293 2279 323 2325 e.
345 2259 504 2322 ἀπέθανεν
524 2260 594 2326 edd.
616 2263 661 2328 M.
686 2282 748 2362 mh,-
775 2269 845 2342 post
874 2249 990 2332 oo'deie.
1016 2256 1115 2340 Spen-

21 2332 72 2416 gel.
91 2339 111 2404 l
132 2341 155 2408 l.
181 2346 268 2404 noni.
292 2339 399 2416 ου’δείς
420 2332 493 2403 edre
513 2333 685 2425 ἀπέθανεν,
707 2363 783 2406 oure
803 2335 939 2428 ἐτρώθη.

94 2423 182 2508 Pag.
201 2425 279 2506 548,
296 2425 345 2489 15.
366 2421 423 2494 καὶ
441 2420 519 2488 κατὰ
543 2425 658 2510 κράτος
679 2429 726 2492 M.

93 2505 179 2591 Peg.
195 2509 275 2594 349,
294 2511 341 2572 23.
364 2507 508 2571 ἐκέλευσε
533 2511 580 2577 Μ.

91 2587 181 2674 Pag.
197 2593 273 2670 550,
288 2614 318 2656 a.
338 2593 500 2655 medinm
518 2602 637 2656 tenen
658 2594 760 2676 Locus
776 2591 965 2675 imperatoris
978 2591 1011 2651 in
1025 2607 1112 2652 exer-

16 2667 81 2768 citu,
102 2676 192 2819 (prod
212 2677 293 2740 vidit
312 2687 404 2759 poeta
426 2687 542 2755 noster,
563 2697 635 2740 oum
656 2679 701 2738 sic
719 2677 758 2738 de
766 2677 874 2738 Turno
889 2673 1112 2772 cecinit,·prin·

13 2771 103 2900 illl,
123 2757 529 2921 tlbtzfttlbsslt‘f
542 2759 1114 2926 Atttettfflptlttztteb

9 2923 137 3000 proinde
162 2927 256 2988 ducis
277 2925 441 3004 referebat,
465 2927 496 2986 in
512 2926 670 2989 obsidione
689 2927 878 2988 sustinenda.
903 2921 1019 3006 Aquita
1030 2925 1113 2996 circa

9 3007 142 3070 medium
164 3011 261 3072 torius
280 3010 405 3091 legionis
424 3009 590 3087 iocabatur,
609 3009 713 3094 'inquit
724 3012 843 3092 Lipsius
857 3009 903 3070 'de
916 3005 1005 3068 Milit.
1022 3007 1116 3068 Rom.

9 3083 86 3152 libro
106 3091 140 3173 4.
165 3092 301 3174 dial-4,
322 3095 367 3155 ibi
384 3095 465 3156 enim
493 3096 658 3180 impetrator
674 3094 918 3179 tantoperest,
943 3089 1022 3151 unde
1061 3109 1114 3150 ro-

136 3178 821 3347 ffi,

1 3354 466 3521 euremarus
486 3347 1114 3512 uum

20 3529 70 3572 rco
90 3525 123 3574 et
144 3512 286 3598 aquilas.
310 3531 441 3574 ronrsn.

83 3592 319 3678 Pag.553‚3.
340 3593 774 3680 Andronicisilio,
804 3605 1007 3678 cognato
1031 3608 1114 3654 ruo.

6 3680 158 3740 tuamvis
185 3680 307 3740 Graece
328 3679 368 3740 sit
388 3677 573 3764 ἐξαδέλφῳ,
601 3681 685 3763 quod
715 3679 885 3764 patruelem
911 3679 1115 3756 interpretans

10 3781 74 3841 ur,
99 3773 221 3824 tamen
242 3772 360 3824 certum
388 3774 445 3841 est,
468 3762 642 3824 Menuelern
666 3764 839 3826 Andronici
867 3760 977 3824 Ananis
1003 3757 1113 3822 filium.

9 3849 215 3928 inperatoris
237 3843 328 3906 buius
349 3844 515 3927 patruelem
528 3846 661 3908 'minime
689 3847 798 3908 fuisses
830 3845 889 3905 nisi
911 3847 975 3924 ipse
996 3839 1115 3900 Asenee

1 3933 100 3992 enior
135 3927 307 3991 Michaelis
332 3932 427 4010 petris
457 3929 648 4011 imperatoris
670 3929 764 3990 irater
793 3927 893 3992 luerit.
936 3923 1032 4006 Atqui
1052 3941 1116 3982 non

1 4012 62 4074 hit.
107 4014 335 4075 Veruntamen
358 4033 429 4073 cum
452 4011 648 4074 Andronicus
680 4011 799 4072 Asanes
823 4030 858 4070 ex
889 4027 992 4069 sorore
1014 4006 1115 4066 senio·

1 4097 33 4158 is
49 4095 247 4159 Andronici
268 4096 458 4178 imperetoris
476 4105 567 4157 uetus
587 4096 627 4158 sit
642 4093 808 4178 (siquidem
827 4094 854 4153 is
873 4091 960 4161 detor
981 4088 1046 4152 eius
1065 4085 1113 4150 di·

1 4186 120 4262 rtur),
148 4177 286 4241 ltlanuel
310 4179 361 4241 bio
381 4199 451 4242 cum
473 4181 592 4243 minore
611 4179 801 4258 Andronico,
824 4185 860 4238 ut
881 4183 976 4261 petet,
999 4192 1112 4258 cogne-

2 4267 83 4327 ‚iune
106 4264 304 4327 coniunctus
324 4263 392 4328 luit.
418 4283 550 4330 ronrsr.
