2944 4934
305 313 362 379 an
392 313 670 380 cmrrcozrm
700 317 776 381 un
795 321 849 384 rr.
868 269 889 286 “
1048 291 1127 380 561

57 467 196 532 Lambini
224 469 482 534 Commenta-ium
526 471 560 532 in
591 469 825 534 Themistoclem
864 471 987 537 Aemilii
1024 473 1130 541 Probi.

58 575 179 615 rorrsr.
585 608 588 616 .

136 635 213 718 Peg.
230 636 298 719 198,
313 637 343 700 6.
366 637 530 720 Paganc
560 635 694 706 Auria.
736 639 784 702 De
803 638 862 700 hoc
890 637 988 702 mttltn
1009 641 1132 706 Bizarns

59 715 99 781 de
115 718 194 782 hello
212 721 331 783 Veneto
353 717 407 782 lib.
429 743 459 782 a.
479 739 610 784 courir.

139 801 356 888 Pag.aop,ao.
376 805 550 866 aduentu
568 825 632 866 suo
656 804 836 868 disiecit.
880 803 1020 870 Alterum
1033 827 1134 871 exem-

59 883 144 969 plnm
174 898 327 950 maternae
358 889 542 949 suessanus
569 887 601 948 in
629 887 726 950 filium
756 890 786 950 in
810 892 892 952 viam
922 891 1136 958 reducendum.

57 961 155 1051 Supra
174 993 240 1053 cap.
256 972 286 1032 8.
309 974 397 1032 lrene
420 991 540 1054 quoque
563 993 639 1032 uxor
664 971 863 1034 Cantacuzeni
886 973 1040 1035 Matthaeo
1057 975 1133 1055 filio,

54 1057 210 1136 proprium
229 1053 287 1116 sihi
306 1057 509 1138 principatum
534 1055 707 1132 meditanti,
728 1054 853 1118 meliora
880 1055 945 1118 solo
971 1071 1136 1140 conspectu

54 1148 91 1198 et
109 1137 203 1200 verbo
226 1140 315 1200 unico
335 1143 492 1220 persuasit.
531 1139 630 1200 Maior
657 1149 758 1200 tamen
784 1139 874 1200 huius
896 1139 1004 1202 Annae
1023 1143 1055 1202 in
1085 1143 1136 1202 lo-

56 1241 136 1282 anne
156 1219 217 1282 filio
239 1221 427 1284 emendando
454 1217 550 1283 elucet
582 1225 765 1301 auotoritas,
800 1225 910 1306 quippe
930 1223 1055 1306 legitimi
1077 1225 1137 1286 im-

55 1305 204 1386 peratoris
223 1303 374 1387 legitimae
394 1307 506 1372 matris.
527 1325 660 1368 rotarat.

139 1385 342 1469 Pag.215,4.
361 1390 576 1450 adventitio
601 1386 766 1450 anxilio
789 1405 864 1450 nou
882 1409 1006 1470 egere.
1026 1388 1139 1453 Exem-

55 1467 142 1551 plum
160 1473 337 1534 temeritatis
357 1483 388 1534 et
407 1472 604 1534 confidentiae
623 1474 654 1532 in
674 1472 861 1554 manando
881 1473 1014 1534 subsidio
1034 1495 1140 1538 necm-

54 1555 145 1619 san'o.
187 1555 299 1616 Narrat
319 1555 484 1618 Sabellicus
502 1553 554 1622 lih.
575 1553 604 1618 8.
621 1555 759 1621 Ennead.
772 1553 803 1635 4.
825 1555 864 1616 de
883 1554 1058 1619 Ptolemaeo
1079 1559 1138 1620 Ce-

54 1655 153 1698 rauno
173 1659 242 1721 rege
267 1639 481 1718 Macedoniae,
502 1641 554 1722 qui
576 1659 614 1700 ao
636 1639 849 1700 Dardanorum
873 1637 967 1701 millia
987 1659 1040 1721 per
1059 1640 1141 1724 lega·

54 1722 154 1780 tosio
186 1719 331 1784 auxilium
366 1724 423 1784 sihi
443 1724 534 1785 missa
555 1723 747 1804 repudiavit:
782 1731 882 1784 actum
902 1723 940 1783 de
961 1724 1142 1786 Macedonia

54 1798 182 1881 (licens,
213 1808 238 1866 si
259 1827 329 1868 cum
349 1816 449 1867 totum
472 1809 619 1868 orientem
639 1806 703 1866 eius
731 1817 830 1866 terrae
850 1806 910 1866 viri
939 1805 1138 1882 domuissent,
1250 1849 1253 1854 -

54 1885 270 1950 Dardanorum
306 1889 435 1952 harhara
458 1910 516 1972 ope
547 1889 584 1948 ad
614 1909 647 1950 se
668 1889 796 1951 tuendos
825 1888 1003 1969 indigerent.
1047 1890 1141 1951 Com·

55 1973 149 2030 misso
170 1971 295 2052 proelio,
319 1972 509 2034 Ptolemaeus
529 1971 632 2032 multis
652 1971 829 2034 vulneribus
862 1969 1029 2048 confossus,
1049 1977 1140 2036 vivus

54 2055 188 2136 capitur,
210 2056 390 2116 Macedones
404 2055 443 2116 ad
465 2077 558 2116 unum
570 2057 789 2137 propemodum
810 2056 888 2116 caesi
902 2066 983 2116 sunt.
1003 2076 1141 2119 sorren.

140 2137 219 2217 rag.
233 2158 304 2214 aaa,
326 2137 371 2215 ιβ.
396 2139 660 2202 Calchedona.
701 2139 799 2220 Negat
817 2149 919 2199 tamen
940 2139 1147 2202 heunclavius

52 2219 130 2280 olim
160 2219 271 2282 dictam
295 2221 515 2284 Calchedonem
546 2231 577 2282 et
607 2223 639 2282 in
672 2239 709 2282 eo
740 2221 815 2283 alios
840 2221 1058 2302 reprehendit,
1089 2222 1144 2285 sed

55 2303 277 2385 Chrysopolim.
319 2305 406 2366 Nam
431 2305 627 2366 Cdchedonis
646 2305 779 2379 nidera,
815 2305 935 2386 inquit,
965 2326 1000 2366 ro
1019 2307 1142 2368 millia-

54 2387 136 2448 rihus
162 2387 206 2448 ab
229 2389 341 2470 angrrlo
364 2383 520 2450 Srdtanini
546 2389 662 2466 seraii,
697 2405 797 2450 uersm
823 2387 1009 2448 Astacenum
1032 2391 1141 2466 sticum,

53 2469 106 2530 ad
126 2473 366 2554 promontorium
401 2471 624 2545 Dominum,
659 2473 749 2532 r'uxta
772 2483 892 2554 pomam
913 2469 1057 2554 Eutropii
1081 2475 1160 2534 sita'

54 2567 133 2614 arm.
158 2575 286 2618 rostras.
315 2550 499 2636 Χαλκηδόνι
520 2555 574 2629 Μ.,
595 2566 630 2614 ut
651 2554 712 2614 iam
732 2555 877 2616 indicavi.

144 2637 225 2718 ch.
249 2658 321 2708 aso,
343 2633 392 2716 24.
429 2637 567 2700 insula
598 2637 820 2720 Principis.
871 2633 1099 2698 Nominataest
1125 2657 1147 2700 tt

55 2717 209 2802 linquenti
229 2718 417 2782 habitatione
445 2719 575 2780 filiarum
595 2719 782 2800 principum,
816 2718 1019 2798 virginitatem
1040 2718 1146 2782 solita·

55 2801 1146 2966 tttttlitittulitt”tittit⁸¹tttttttftittttl

54 2969 220 3051 Principis,
240 2969 451 3032 suburbanum
466 2967 779 3050 Constantinopoleos.
821 2967 954 3030 Zonaras
975 2969 1147 3028 scribitNi-

53 3049 224 3132 ecphorum
239 3063 295 3115 etc.
319 3053 389 3116 vide
409 3064 510 3116 cetera
535 3051 618 3134 apud
637 3051 765 3114 Petrum
788 3051 924 3136 Gyllium
947 3049 986 3112 de
1012 3051 1146 3134 Bosporo

52 3135 190 3197 Thracio
218 3134 297 3198 libro
312 3137 341 3200 5.
363 3159 431 3220 cap.
460 3135 508 3198 15.
537 3155 666 3197 rostras.
1168 3150 1172 3158 '

143 3219 345 3300 Pngmarm.
365 3223 405 3282 in
429 3221 585 3285 breuia.
629 3213 736 3280 Graeci
758 3216 882 3300 βραχέα
905 3227 1027 3295 vocant,
1042 3215 1145 3278 Latini

57 3297 179 3368 hirnia.
221 3303 300 3364 Sunt
329 3301 431 3366 iratam
461 3303 572 3365 vadosa
593 3303 741 3385 quaedam
760 3306 791 3363 in
817 3307 893 3364 man
917 3303 1024 3384 spatie.
1065 3301 1147 3363 Vide

57 3383 228 3448 hlisoellon.
264 3387 391 3450 Bmdaei
415 3385 471 3450 lib.
492 3385 525 3448 6.
552 3407 617 3469 cap.
643 3383 695 3466 ad.
717 3384 828 3468 Virgil.
860 3408 884 3446 r.
905 3385 1053 3448 Aeneide
1087 3398 1147 3446 ties

57 3463 165 3530 Erum
193 3469 235 3532 ah
258 3471 323 3532 alto
358 3471 392 3534 iu
429 3465 534 3532 brevia
557 3485 586 3532 et
609 3483 704 3551 syrtes
732 3482 836 3554 urget,
867 3469 1042 3530 miserabile
1067 3471 1145 3536 vura.

54 3573 193 3620 rorrar.

145 3631 356 3718 Pog.223,1.
383 3627 424 3698 τὰ
447 3627 643 3718 στρατόπεδα
677 3633 714 3698 tt
745 3627 922 3719 σ’μφότερα.
963 3631 1045 3696 Nota
1064 3641 1148 3696 cata·

54 3715 195 3798 chresin,
216 3732 315 3784 castra
334 3743 390 3804 pro
410 3742 539 3783 numero
559 3721 695 3782 navium.
734 3719 785 3780 Sic
805 3739 897 3800 supra
921 3739 987 3800 cap.
1011 3717 1062 3796 4.,
1091 3714 1147 3776 ubi

52 3799 221 3866 Orchanes
241 3825 333 3887 gener
351 3804 391 3868 ad
410 3825 548 3867 socerum
575 3802 734 3864 visendum
761 3803 845 3862 venit
871 3801 1054 3862 scutarium.
1097 3798 1149 3858 Sin

52 3883 174 3972 virgil.
193 3885 221 3952 3.
247 3887 395 3953 Aeneide
423 3887 490 3949 Dat
511 3887 630 3946 clamem
652 3907 669 3944 e
693 3884 792 3968 puppi
819 3886 949 3963 siguum:
979 3903 1033 3951 nos
1050 3893 1150 3942 casura

52 3988 223 4032 minuemus.
265 3971 350 4032 Sicut
370 3980 470 4032 autem
492 3967 550 4030 hoc
571 3969 637 4030 loco
656 3979 753 4028 castra
774 3965 848 4028 dixit
872 3985 929 4046 pro
951 3965 1070 4036 classe,
1106 3965 1149 4024 ita

52 4051 112 4116 lib.
139 4074 171 4116 a.
193 4052 301 4116 classes
322 4053 397 4115 dixit
417 4073 471 4136 pro
493 4053 608 4115 castris.
653 4049 798 4112 &mribus
820 4051 869 4110 hic
888 4049 985 4128 mus,
1003 4049 1053 4109 laic
1071 4049 1149 4108 aciae

53 4149 178 4198 cenam
199 4135 341 4198 solebant.
366 4159 493 4200 roaros.

84 4289 89 4300 ¹
146 4217 224 4302 Peg.
238 4217 310 4298 226,
326 4221 379 4282 23.
406 4239 574 4292 mazam.
613 4213 714 4282 Vilior
734 4215 792 4280 suit
804 4205 906 4300 μάζα,
926 4233 1020 4298 quum
1044 4195 1146 4296 39¹⁰&

95 4333 309 4392 cancamum
327 4339 377 4392 111.
832 4391 839 4404 ,
919 4327 953 4386 36
