3098 4928
400 334 684 405 ursrouuuuu
713 341 766 402 ιτ.
785 341 821 410 a.
1108 311 1160 400 51

120 491 227 556 διέκειτο
247 486 298 554 διό
320 485 433 565 παντός
463 479 521 554 κατ’
545 488 665 571 όπορία
688 487 890 573 πανταχόθεν
908 479 948 575 ἦν
969 491 1026 572 tet
1042 516 1075 558 τε
1095 499 1318 573 salemum

100 643 103 658 .
120 591 222 664 α’λόιοις
237 596 300 665 ταῖς
316 580 380 654 drus
400 589 456 653 καί
475 590 569 670 κότον,
593 589 651 654 oda
673 583 790 672 όλίγοις
810 590 846 654 δέ
858 587 915 654 καί
927 588 1009 675 πρός
1021 589 1078 668 τός
1093 616 1166 658 σια-

118 687 198 770 γόνας,
213 690 262 753 καί
280 689 396 774 ἕτεροις
416 687 451 752 έν
471 681 587 772 ἑτέροις
603 689 718 773 μέρεσι
737 690 797 752 τοῦ
816 684 963 769 στόματος
974 687 1167 768 ἀποστάσεις
1182 707 1209 760 Ρ.
1217 707 1249 778 73

120 787 242 869 ε’γίνοπτ,
269 795 333 862 τοῖς
350 790 411 868 μὲν
428 783 557 869 μείζους
565 836 574 868 ,
602 793 668 864 τοῖς
699 787 735 852 δέ
755 781 922 869 ε’λόσσοος,
945 789 1001 854 κατ’
1020 791 1168 869 μέλαιναι

100 885 250 968 όρλοκτίδες
273 883 457 972 όνεφόοντο.
508 881 628 972 ἑτέροις
657 887 694 952 δὲ
724 881 828 972 ιόστιερ
861 887 1017 968 στίγματα
1046 893 1169 971 με’λονα

121 981 180 1048 sard
204 983 306 1060 παντός
328 985 396 1048 τοῦ
423 981 570 1065 στόματος
603 979 748 1067 ἐξήνθει,
770 993 837 1060 τοῖς
856 987 916 1066 μὲν
936 988 1036 1071 α’ραιό
1057 1011 1093 1053 τε
1114 986 1170 1053 κατ’

123 1083 334 1168 διιρανέστερα,
363 1091 427 1160 τοῖς
449 1084 481 1148 δ’
500 1079 707 1170 ἀμυδρότερα
728 1085 784 1148 καὶ
802 1087 937 1168 συνεχῆ·
977 1089 1033 1150 καί
1055 1087 1168 1164 πάντες
1286 1155 1287 1158 ,

123 1179 209 1261 όμοόας
229 1179 283 1248 όπό
311 1178 442 1249 πόντων
461 1180 624 1269 ἔθνησκον.
664 1192 731 1258 τοῖς
750 1187 809 1265 μὲν
827 1183 889 1270 γὰρ
912 1181 952 1250 τό
973 1181 1074 1250 πάντα
1094 1188 1168 1250 ἐπε·
1194 1177 1200 1194 ’

123 1279 210 1362 γένετο,
228 1291 284 1359 τοϊς
305 1286 343 1348 dd
364 1281 462 1349 π’λείεο
482 1276 504 1368 ἢ
522 1279 663 1366 alricum,
694 1277 751 1348 οὐκ
782 1278 897 1368 όλίγοις
918 1288 954 1350 δὲ
974 1286 1030 1352 καί
1052 1291 1087 1353 ἓν
1105 1291 1167 1353 τοῖν

93 1377 220 1442 ιοπόνταν
233 1373 338 1466 ἤρκεσε
361 1381 441 1466 πρός
460 1381 616 1448 θάνατον·
660 1376 729 1448 όοοι
749 1385 784 1449 δὲ
806 1385 841 1448 da
862 1389 986 1452 πολλῶν
1007 1385 1109 1470 όλίγοι
1130 1387 1169 1471 η’-

132 1471 260 1560 δεεόδιμον
280 1483 469 1567 διαφογελν,
500 1483 606 1548 οόκότι
627 1479 688 1548 όπό
710 1484 767 1548 τοῦ
786 1477 889 1548 adrui
909 1489 1091 1568 κατείχοντο
1112 1510 1169 1550 κα-

132 1576 177 1650 ²⁰5,
191 1575 241 1642 ἄλλ’
257 1581 290 1646 ἓν
306 1585 354 1670 τῷ
381 1583 553 1671 θαρσαλόιρ
574 1575 656 1667 ἦσαν
684 1573 757 1666 ἤδη.
801 1585 851 1658 dic
871 1580 934 1670 γόρ
956 1583 1013 1648 oria
1032 1581 1170 1667 ἕπελόμ-

127 1674 205 1758 δόνει,
227 1674 303 1746 dura
331 1679 389 1745 καί
409 1684 561 1747 κτείνειν·
606 1675 796 1758 ότιοστόσεις
816 1684 854 1746 dd
871 1685 1009 1766 ἐγίνοντο
1036 1684 1200 1767 μεγοὶλαιΒ

125 1771 179 1854 ⁵933
192 1785 243 1856 fulc
274 1787 390 1867 μηροῖς
423 1773 501 1866 ἢέν
518 1788 589 1856 ταῖς
609 1781 755 1856 εόλέναις·
798 1771 843 1847 τόν
863 1785 1067 1866 τεμνομένων,
1088 1779 1173 1869 σφό-

94 1873 198 1952 ιέτεδδος
212 1875 328 1966 ἔξόρρει
350 1875 496 1964 δοσσόδης
516 1881 573 1945 καί
589 1875 698 1961 πολός,
722 1885 777 1944 καλ
797 1878 831 1946 τό
846 1879 970 1966 νόσημα
989 1884 1173 1968 διεφορεῖτο

119 1971 152 2044 ⁸1¹5
171 1975 269 2058 ἒτεῖνο,
302 1977 364 2063 τόν
389 1980 616 2061 διενοχλαόσαν
644 1973 724 2062 όλην
753 1974 959 2064 όπορῥίτιτον.
1000 1983 1113 2046 πολλοὶ
1136 1983 1173 2048 δέ

116 2067 157 2133 ια’
169 2071 219 2140 όιιό
236 2075 362 2144 πόντων
382 2077 640 2160 κατασχεθέντες,
663 2073 752 2162 παροδ
780 2074 872 2154 δόξαν
893 2080 1090 2157 διεσώζοντο.
1133 2070 1173 2166 ἦν

117 2169 142 2231 δέ
159 2172 310 2262 έπιιονρία
346 2177 482 2259 οόδεμία
512 2173 704 2258 οόόαμόθεν.
744 2171 763 2242 ό
786 2174 848 2262 γὰρ
876 2173 972 2267 ἑτέρῳ
997 2175 1173 2265 συνήνεγκε,

118 2273 180 2336 πόθ’
198 2269 290 2365 ἕτέριρ
310 2274 352 2341 τό
375 2273 432 2342 ἴσα
446 2273 602 2360 πάσχοντι
619 2276 809 2364 δηλητήριον
817 2277 962 2359 έγίνετο·
1002 2281 1173 2364 καίἓτερος

88 2364 157 2452 ’θόρ’
169 2366 265 2456 irtaco
285 2373 463 2462 θεραπείας
483 2368 712 2460 όνεπιμπλαντο
735 2379 792 2462 τῆς
811 2375 917 2459 νόσον,
938 2374 994 2442 καό
1011 2373 1068 2462 τήν
1087 2382 1174 2444 πλεί·

116 2489 168 2550 0¹²1!
188 2471 311 2560 φθορὰν
340 2476 434 2540 τοῦτο
462 2475 616 2559 ἐνεποίει,
638 2479 694 2542 καί
719 2475 836 2540 πολλαὶ
855 2477 953 2540 οἰκίαι
973 2476 1183 2562 ἐκενώθησαν,

112 2567 157 2632 τόν
172 2567 355 2658 οἰκητόρων,
370 2573 426 2638 xus*
442 2574 506 2639 τῶν
519 2570 641 2659 όλόγων
660 2583 728 2650 τοῖς
743 2572 864 2659 κυρίοις
874 2573 1170 2640 σοναποθανόντων.

110 2663 259 2736 δεινότατον
279 2673 317 2738 δέ
338 2667 378 2757 ἦν
398 2672 417 2758 ἡ
438 2675 576 2754 α’θομία.
618 2671 710 2742 όπότε
728 2674 790 2762 γόρ
809 2699 858 2752 τις
876 2671 1022 2740 αἴσθοιτο
1036 2673 1203 2756 κάμνον-0

162 2782 195 2836 ιλ
211 2779 335 2855 addente
353 2799 406 2835 om.
424 2783 451 2837 P.
485 2797 491 2828 ε

108 2865 193 2926 bantur.
225 2879 257 2932 ln
285 2878 407 2931 brachiis
433 2895 514 2950 supra
538 2885 567 2931 el
591 2879 680 2944 inira,
709 2895 765 2933 nun
790 2882 884 2950 paucis
903 2879 1017 2934 iteruin
1038 2876 1172 2942 maxillis,

108 2947 128 2990 ‘l
149 2946 305 3014 quibudam
328 2948 358 3002 in
381 2950 445 3001 aliia
470 2950 591 3019 corporis
620 2950 745 3020 partibus
770 2951 910 3005 abaceasua
935 2955 991 3003 sire
1015 2950 1107 3001 ulcera
1129 2947 1172 3002 bia

106 3014 205 3081 maiora,
231 3020 288 3074 illia
311 3023 418 3072 minora
443 3021 627 3084 exsistebant,
647 3027 677 3072 et
704 3021 797 3090 nigrae
822 3023 940 3091 papulae
964 3019 1172 3071 renascebantur.

107 3079 257 3148 Quibusdam
276 3091 355 3144 velut
372 3101 430 3143 atra
448 3092 574 3160 stigmata
593 3107 641 3159 per
659 3098 746 3142 totum
766 3106 865 3162 eorpus
885 3088 1079 3158 erumpebant,
1109 3087 1173 3140 aliis

105 3155 187 3207 rariora
211 3163 353 3234 magisque
379 3163 545 3232 conspicua,
563 3161 627 3214 aliis
647 3160 774 3214 densiora
792 3170 821 3212 et
836 3161 1014 3214 obscuriorar
1033 3166 1062 3211 et
1078 3173 1173 3211 omues
1222 3208 1223 3215 ,

104 3226 199 3287 perinde
217 3248 250 3284 ea
270 3231 316 3283 bia
334 3231 464 3285 omuibus
482 3231 677 3285 moriebantur.
714 3231 862 3284 Nonnullis
881 3231 954 3284 enim
973 3239 1071 3283 cuncta
1090 3227 1174 3294 baec,

103 3293 152 3346 aliis
166 3299 240 3370 plura
255 3311 306 3354 aut
322 3304 449 3372 pauciora
468 3301 672 3372 contingebant.
709 3302 904 3374 Compluribus
921 3301 1032 3354 unicum
1052 3307 1175 3352 tantuna·

103 3367 168 3419 nodo
202 3389 236 3424 aa
268 3373 331 3426 istis
356 3373 485 3426 omuibus
515 3373 685 3426 mortiferum
714 3382 781 3427 erat.
833 3373 1007 3444 Quicumque
1036 3389 1101 3426 vero
1140 3369 1175 3422 de

103 3435 180 3489 multia
195 3445 277 3510 pauci
297 3453 455 3508 eruerant,
473 3460 529 3496 non
548 3446 665 3514 amplius
684 3459 716 3496 eu
733 3445 806 3498 malo
825 3443 1047 3514 corripiebantur
1066 3444 1123 3503 sic,
1144 3447 1177 3492 ut

104 3507 172 3560 ctiam
203 3514 373 3568 interirent:
405 3515 582 3586 quamobrem
615 3531 707 3567 rursus
730 3518 868 3585 correpti,
891 3516 963 3568 benc
990 3511 1173 3567 confidebant.

104 3573 205 3636 lbebanl
222 3601 306 3653 porro
323 3586 414 3655 magui
431 3586 571 3638 abscessus
586 3587 615 3636 in
636 3583 788 3638 semoribus
806 3594 853 3638 ant
871 3587 900 3636 in
918 3585 1054 3637 brachiiss
1073 3578 1175 3654 quibus

104 3647 282 3712 meliusnulla
305 3663 334 3708 et
353 3655 456 3708 foetida
477 3658 566 3709 sanies
588 3655 730 3717 effluebat,
751 3662 780 3708 et
801 3655 922 3719 morbus,
939 3655 1070 3709 turbante
1088 3659 1177 3704 mate·

103 3716 135 3766 ria
150 3720 186 3773 sic
209 3725 329 3788 emissa,
347 3725 497 3780 levabatur.
534 3727 695 3796 Complures
720 3727 763 3779 bis
785 3727 913 3778 omnibus
932 3725 1052 3785 obsessi,
1070 3729 1176 3791 praeter

102 3789 246 3868 quinionem
268 3797 503 3849 convalescebant.
539 3796 595 3850 Nec
607 3798 694 3849 ullum
712 3797 904 3868 undecumque
920 3804 1024 3862 certum
1042 3793 1177 3844 rusilium

102 3861 289 3918 uveaiebasar.
328 3864 412 3935 Quod
435 3870 509 3920 euius
527 3869 576 3919 uni
593 3867 733 3932 salutare,
757 3867 839 3922 alteri
863 3865 936 3920 idem
954 3866 1073 3935 patienti
1091 3877 1177 3914 vcna-

101 3943 156 3982 nan
176 3929 252 3990 urat:
284 3937 410 4007 alterque
434 3937 470 3988 'ab
488 3938 603 3991 alterius
621 3940 763 3992 curatione
787 3937 913 3990 morbum
939 3933 1176 4004 indipisccbatur,

101 4005 347 4078 §immolabantur
364 4009 475 4072 funera,
493 4010 596 4079 quibus
614 4009 718 4062 multae
738 4009 835 4062 domus
852 4008 1053 4067 vacuabantur,
1070 4019 1131 4057 cum
1148 4010 1177 4055 et

101 4073 196 4127 ssestse
215 4085 247 4130 et
265 4077 363 4130 brutae
384 4081 537 4132 animantes
556 4098 609 4133 una
628 4096 690 4132 cum
709 4079 828 4134 dominis
845 4081 930 4130 vitam
950 4077 1103 4130 redderent.
1120 4073 1175 4127 Sed

102 4141 163 4194 libii
190 4155 251 4200 erat
275 4147 467 4218 desperatione
489 4152 682 4210 miserabilius.
725 4151 793 4204 Cum
812 4151 885 4202 enim
909 4151 972 4217 quia
995 4156 1048 4200 tam
1066 4155 1175 4214 aegrum

102 4221 126 4260 'i
145 4217 295 4286 michal,
318 4235 380 4290 aper
405 4221 483 4274 nulla
509 4222 710 4278 incolumitatis
736 4218 962 4292 relinquebatur,
990 4235 1022 4273 ac
1047 4217 1175 4285 despera·
