2928 4936
309 330 366 398 an
398 329 678 398 murcumru
707 334 784 398 rm.
805 336 862 400 ru.
1050 309 1133 397 513

354 566 415 632 an
438 565 600 632 arnauu
625 547 830 644 unauna.

139 733 279 816 Peg-12,
303 733 351 811 rd.
376 733 446 799 Vol.
458 732 508 794 II.
540 734 680 800 instar
705 735 928 820 rubiginie.
966 734 1133 820 Aptissima

67 815 224 880 similitudo.
265 819 385 880 Invidia
404 820 505 900 iprum
524 839 646 902 quoque
664 819 860 894 invidentem,
883 833 918 884 ut
936 821 1046 967 ναλνρο
1069 824 1132 886 ier-

65 922 137 976 rum,
157 921 189 962 ex
251 903 402 978 oexietit,
423 903 582 964 consumit.
626 902 812 964 Periander:
845 896 989 984 oi'orrcpo‘
1023 903 1059 977 ὸς
1081 927 1132 968 σι·

66 981 165 1064 δηρὸν,
191 1004 207 1044 o
231 979 327 1056 τωςό
349 980 467 1066 φθόνος
485 979 543 1064 τὴν
565 977 704 1064 ἔχουσαν
724 980 821 1046 αὐτὸν
840 982 951 1067 ψυχὴν
971 982 1133 1069 ἐξαναψή-

63 1086 123 1146 χει.
144 1067 205 1130 Lib.
222 1091 248 1131 r.
272 1067 488 1168 Antholopiae:
505 1064 541 1130 Ὁ
558 1060 676 1150 φθόνος
689 1066 759 1129 ἐστι·
778 1062 937 1146 κάκιστον,
958 1061 1028 1148 ἔχει
1049 1071 1132 1132 δέτι

63 1142 152 1210 καλὸν
169 1149 202 1212 ίν
222 1147 327 1236 αὐτῷ·
372 1152 465 1230 Τηκει
486 1143 548 1230 γὰρ
579 1149 743 1250 φθονερῶν
766 1140 893 1228 ὄμματα
913 1149 968 1213 καί
987 1153 1130 1236 κραδίην.

60 1233 193 1294 Isocrates
215 1237 248 1295 in
268 1234 428 1316 Euagora:
459 1233 503 1317 τῷ
523 1233 633 1318 φθονρι
656 1233 746 1295 τοῦτο
767 1229 860 1311 μόνον
880 1227 1032 1314 πρόσεστι
1053 1235 1133 1318 α’γαν

60 1311 129 1393 eir,
149 1305 193 1378 irc
209 1317 357 1396 μέγιστον
380 1311 476 1376 κακόν
495 1319 561 1388 ταῖς
581 1310 708 1395 ἔχουσίν
727 1314 822 1382 ἐστιν.
842 1337 976 1380 rorare.

138 1398 312 1481 Pag.13,8.
330 1400 397 1498 qui
414 1419 456 1462 ea
473 1400 678 1479 fecerunt,
699 1419 768 1479 ego
790 1420 995 1485 praesens.
1037 1401 1131 1466 Corn·

57 1501 129 1561 para
146 1481 217 1546 hacc
238 1505 309 1544 eum
332 1487 386 1558 ria,
409 1485 542 1564 quaein
563 1483 715 1564 prooemio
734 1503 786 1542 seu
809 1484 840 1544 in
860 1483 983 1566 epistola
1003 1505 1131 1568 respon-

56 1567 132 1624 soria
151 1564 333 1630 Christoduli
353 1566 392 1627 ad
412 1564 516 1626 Nilum
536 1565 690 1627 dicuutur.
719 1565 775 1626 Ad
789 1567 846 1628 boc
871 1589 934 1632 non
948 1568 1009 1630 ιἰια
1023 1589 1046 1630 a
1059 1590 1131 1634 ma-

52 1647 160 1710 ionius
176 1649 284 1726 dedier,
305 1650 499 1729 aut·famae
516 1649 674 1730 fabulisve
691 1649 799 1734 inepta
824 1660 884 1710 etc.
910 1671 1038 1712 rorrrrr.

133 1729 206 1812 Pap.
219 1733 334 1810 abar,
350 1751 460 1794 secus
481 1753 594 1816 quam
611 1731 738 1794 multi.
782 1731 927 1794 conferes
940 1735 1031 1794 etiam
1046 1734 1129 1800 hunc

53 1811 151 1874 locum
169 1835 239 1876 cum
257 1813 335 1889 illis,
365 1837 444 1898 quae
462 1825 534 1892 aunt
566 1817 598 1876 in
619 1826 752 1876 extrema
774 1815 900 1896 epistola
924 1813 995 1877 Nili.
1041 1821 1130 1904 Qua·

46 1910 169 1984 propter·
195 1912 228 1960 ut
255 1899 424 1984 plurimum
456 1899 611 1960 λασιαιιαα
645 1899 727 1960 vitae
761 1901 1028 1979 mmmdnnnc,
1066 1913 1127 1964 ete.

51 1999 177 2042 norm.
978 2025 982 2032 ·

133 2063 208 2145 Peg.
225 2063 334 2149 15,19.
375 2057 463 2147 ἶνρὸν
484 2055 661 2144 κατάλογον,
679 2062 855 2124 universum
872 2064 1062 2128 sacerdotum
1077 2089 1131 2129 or-

46 2143 150 2207 dinem
169 2158 269 2224 vocat,
290 2158 409 2230 sumpta
429 2147 605 2229 metaphora
626 2169 645 2208 a
664 2167 698 2208 re
717 2145 851 2212 militari.
893 2149 950 2210 Est
970 2152 1051 2211 enim
1071 2172 1131 2211 κα-

45 2222 174 2308 τάλογος
194 2229 327 2294 delectus
345 2245 376 2294 et
387 2229 607 2311 καταλεγέντες
621 2238 694 2291 suut
706 2231 879 2312 conscripti,
902 2234 1075 2310 centuriati,
1097 2246 1128 2295 et

44 2313 228 2393 καταλέγειν
246 2326 292 2378 eet
310 2313 452 2399 allegere,
471 2325 506 2375 ut
525 2313 663 2374 Budaeus
678 2313 781 2380 tradit.
822 2312 907 2376 ldern
929 2325 1017 2388 earet,
1039 2319 1064 2378 ei
1080 2316 1129 2377 di-

43 2396 239 2458 ceremuede
257 2421 342 2462 eccm
362 2399 440 2460 albo.
490 2397 650 2458 Matricem
670 2406 724 2458 aut
742 2395 934 2477 matriculam
954 2410 1066 2460 vocant
1086 2401 1131 2460 iu·

41 2481 225 2554 reconsuiti,
260 2483 298 2544 de
318 2505 378 2566 qua
399 2481 541 2562 Vegetiue
570 2477 623 2542 lib.
647 2500 676 2541 2.
705 2500 770 2561 cap.
790 2481 822 2543 5.
862 2480 994 2544 Isidorus
1022 2477 1075 2545 lib.
1102 2503 1128 2546 r.

41 2580 111 2642 cap.
128 2563 177 2629 23.
218 2563 309 2628 Unde
330 2565 417 2626 taciie
434 2564 638 2647 intelligimus,
658 2561 735 2644 quid
747 2564 786 2624 sit
805 2561 879 2624 dare
899 2563 1034 2640 nomina,
1052 2559 1128 2646 quid

39 2646 148 2727 scripti
168 2657 221 2708 aut
241 2650 402 2731 conscripti
424 2646 542 2708 milites.
564 2665 695 2710 rorata.

130 2729 205 2812 Pag.
224 2733 270 2808 15,
282 2753 330 2794 aa.
351 2731 700 2816 spatiosissimum.
743 2723 792 2787 De
819 2725 879 2790 hoc
908 2725 1022 2811 templo
1048 2727 1128 2792 dixi·

35 2832 111 2872 mus
131 2813 278 2876 nonnulla
299 2818 331 2876 in
353 2814 406 2876 lib.
430 2834 454 2879 r.
478 2833 542 2894 cap.
561 2831 609 2872 ια.
652 2810 845 2892 Quamquam
864 2822 964 2872 autem
985 2811 1128 2894 frequen-

34 2905 88 2954 ter
109 2895 227 2978 σοφίας
248 2899 305 2959 rori
334 2895 414 2958 θεοῦ
434 2887 528 2974 λόγον
548 2893 673 2971 dicitur,
696 2890 728 2952 id
749 2904 813 2968 est,
833 2892 886 2954 iiiii
907 2895 986 2970 Dei,
1008 2898 1062 2976 qui
1083 2907 1129 2958 est

31 2977 171 3040 verbum
196 2991 227 3042 et
245 2982 390 3062 sapientia
414 2979 537 3056 Patris,
566 2997 628 3039 non
648 2989 750 3038 tameo
772 2997 891 3040 necesse
912 2977 1059 3040 babemus
1079 2990 1129 3040 to·
1228 3005 1231 3022 ι

28 3061 135 3122 tidem
156 3063 257 3126 verbio
276 3065 477 3148 interpretari,
499 3081 569 3122 oum
590 3081 667 3144 quae
688 3056 741 3124 illa
761 3057 873 3144 Sophia
892 3063 951 3140 eit,
972 3064 1033 3124 iam
1056 3063 1129 3124 satia

28 3153 168 3210 constet.
209 3145 358 3209 Rudiorea
385 3146 580 3208 historiarum
606 3141 769 3228 quamdam
791 3155 974 3227 martyrem,
1005 3147 1128 3206 nominc

24 3227 187 3310 Sophiam
206 3231 369 3311 somniant,
381 3232 432 3292 cui
451 3230 509 3292 hoc
521 3227 667 3310 templum
680 3224 850 3290 dedicatum
870 3225 972 3288 iirerit.
994 3247 1127 3294 roam.

120 3311 333 3396 Pag.18‚ar.
360 3335 497 3375 novem
525 3311 743 3374 dumtaxat
772 3330 904 3373 annos.
953 3311 1043 3373 Patre
1065 3333 1128 3373 rno-

20 3397 147 3472 rientc,
172 3394 505 3480 loannesPalaeologue
525 3416 587 3456 non
608 3391 676 3478 plur
696 3414 807 3458 novem
825 3413 921 3457 annos
941 3402 1031 3458 notua
1050 3405 1128 3458 erat.

18 3479 119 3540 Huic
143 3479 236 3542 crede
259 3489 290 3541 et
311 3477 420 3542 salsura
438 3491 513 3563 puta
531 3479 708 3558 Lnonicum,
730 3481 783 3563 qui
802 3481 831 3540 ei
851 3475 1010 3540 duodecim
1029 3499 1127 3542 annos

17 3563 159 3624 tribuit.
186 3583 316 3628 rcrrer.

119 3645 332 3728 Pag.2o,19.
352 3644 388 3706 ri
413 3657 607 3730 postremo
636 3643 863 3710 revelatum
881 3645 1033 3724 suerit.
1075 3643 1124 3708 Ex

18 3732 65 3792 D.
89 3727 202 3792 Paulo
234 3751 260 3790 r.
282 3731 322 3790 ad
342 3728 480 3792 Corinth.
501 3751 567 3811 cap.
588 3729 659 3807 rb„
691 3730 746 3790 ubi
768 3731 811 3790 ita
831 3728 959 3810 legitur:
1001 3726 1125 3808 προφῆ-

18 3833 84 3876 ται
109 3811 150 3872 δὲ
174 3806 235 3873 δίο
259 3802 282 3894 ἢ
300 3818 385 3892 τρεῖς
405 3807 613 3891 λαλείτωσαν,
632 3809 688 3872 καί
708 3804 738 3872 oi
757 3800 849 3871 ἄλλοι
867 3808 1122 3889 διακρινέτωσαν.

18 3889 85 3958 ieie
109 3893 151 3956 δὲ
170 3885 257 3980 ἅλλρι
278 3892 494 3977 ἀποκαλυφθῇ
513 3891 680 3976 καθημένῳ
709 3887 864 3972 inuritur
885 3879 1017 3970 σιγίται.
1058 3887 1124 3951 Ve-

18 3987 213 4040 rumtamen
232 3983 265 4040 in
285 3979 432 4039 sententia
452 3957 610 4038 diversitas
627 3939 712 4037 nulia
732 3984 868 4057 apparet.
891 3993 1025 4034 rorrar.

112 4061 264 4142 Pagai.
285 4082 332 4123 ra.
353 4057 458 4122 om'rri
485 4059 638 4122 ratione
668 4080 748 4120 mea
773 4055 969 4118 commodo
991 4075 1124 4138 perre-

19 4169 63 4214 ιιι
74 4147 104 4206 ι’.
142 4145 234 4206 Dicit
252 4145 312 4208 hoc
331 4141 459 4228 quilibet
473 4155 623 4227 tyrannus
645 4153 677 4206 et
696 4140 857 4218 barbarus,
879 4149 909 4200 et
921 4149 1123 4220 tyrannorum

19 4240 76 4304 est,
109 4227 268 4308 regnandi
290 4231 387 4312 gratia
406 4229 511 4292 omnia
533 4227 637 4292 divina
655 4237 687 4290 et
705 4223 838 4288 humane
859 4225 926 4286 iura
938 4231 1121 4306 pervertere.

50 4343 290 4399 Cantacurenur
307 4343 356 4398 111.
894 4339 928 4395 83
