<?xml version="1.0" encoding="UTF-8"?>
<!DOCTYPE html PUBLIC "-//W3C//DTD XHTML 1.0 Transitional//EN"
    "http://www.w3.org/TR/xhtml1/DTD/xhtml1-transitional.dtd">
<html xmlns="http://www.w3.org/1999/xhtml" xml:lang="en" lang="en">
 <head>
  <title>
</title>
<meta http-equiv="Content-Type" content="text/html;charset=utf-8" />
  <meta name='ocr-system' content='tesseract 3.04.00' />
  <meta name='ocr-capabilities' content='ocr_page ocr_carea ocr_par ocr_line ocrx_word'/>
</head>
<body>
  <div class='ocr_page' id='page_1' title='image "./ioanniscantacuz02niebgoog_0472.png"; bbox 0 0 2874 4944; ppageno 0'>
   <div class='ocr_carea' id='block_1_1' title="bbox 160 311 1206 425">
    <p class='ocr_par' dir='ltr' id='par_1_1' title="bbox 160 311 1206 425">
     <span class='ocr_line' id='line_1_1' title="bbox 160 311 1206 425; baseline -0.014 -16"><span class='ocrx_word' id='word_1_1' title='bbox 160 319 172 348; x_wconf 87' lang='lat'><strong><em>‘</em></strong></span> <span class='ocrx_word' id='word_1_2' title='bbox 275 341 332 406; x_wconf 75' lang='lat' dir='ltr'><strong>uo</strong></span> <span class='ocrx_word' id='word_1_3' title='bbox 363 340 641 407; x_wconf 65' lang='lat' dir='ltr'><strong>muniturum</strong></span> <span class='ocrx_word' id='word_1_4' title='bbox 671 341 809 405; x_wconf 83' lang='lat' dir='ltr'><strong>mnu.</strong></span> <span class='ocrx_word' id='word_1_5' title='bbox 1014 311 1106 425; x_wconf 78' lang='grc'><strong>457.</strong></span> <span class='ocrx_word' id='word_1_6' title='bbox 1203 333 1206 339; x_wconf 93' lang='grc'><em>·</em></span> 
     </span>
    </p>
   </div>
   <div class='ocr_carea' id='block_1_2' title="bbox 28 492 1230 1830">
    <p class='ocr_par' dir='ltr' id='par_1_2' title="bbox 39 492 1102 910">
     <span class='ocr_line' id='line_1_2' title="bbox 39 492 1100 582; baseline -0.003 -24"><span class='ocrx_word' id='word_1_7' title='bbox 39 509 151 582; x_wconf 75' lang='lat' dir='ltr'><strong>praeter</strong></span> <span class='ocrx_word' id='word_1_8' title='bbox 173 495 258 558; x_wconf 79' lang='lat' dir='ltr'><strong>dri-us</strong></span> <span class='ocrx_word' id='word_1_9' title='bbox 281 495 356 556; x_wconf 85' lang='lat' dir='ltr'><strong>illos</strong></span> <span class='ocrx_word' id='word_1_10' title='bbox 381 495 526 560; x_wconf 77' lang='lat' dir='ltr'><strong>ucetiam</strong></span> <span class='ocrx_word' id='word_1_11' title='bbox 550 493 652 578; x_wconf 83' lang='lat' dir='ltr'><strong>rapite</strong></span> <span class='ocrx_word' id='word_1_12' title='bbox 670 493 863 577; x_wconf 69' lang='lat' dir='ltr'><strong>plectentur.</strong></span> <span class='ocrx_word' id='word_1_13' title='bbox 906 492 977 554; x_wconf 81' lang='lat' dir='ltr'><strong>Non</strong></span> <span class='ocrx_word' id='word_1_14' title='bbox 997 503 1100 555; x_wconf 88' lang='lat' dir='ltr'><strong>tamen</strong></span> 
     </span>
     <span class='ocr_line' id='line_1_3' title="bbox 43 575 1102 657; baseline -0.003 -16"><span class='ocrx_word' id='word_1_15' title='bbox 43 583 138 640; x_wconf 87' lang='lat' dir='ltr'><strong>mansit</strong></span> <span class='ocrx_word' id='word_1_16' title='bbox 156 583 186 640; x_wconf 89' lang='lat' dir='ltr'><strong>in</strong></span> <span class='ocrx_word' id='word_1_17' title='bbox 205 580 272 654; x_wconf 86' lang='lat' dir='ltr'><strong>lide,</strong></span> <span class='ocrx_word' id='word_1_18' title='bbox 295 590 325 640; x_wconf 90' lang='lat' dir='ltr'><strong>et</strong></span> <span class='ocrx_word' id='word_1_19' title='bbox 345 578 518 639; x_wconf 69' lang='lat' dir='ltr'><strong>interfectus</strong></span> <span class='ocrx_word' id='word_1_20' title='bbox 537 587 602 655; x_wconf 87' lang='lat' dir='ltr'><strong>est,</strong></span> <span class='ocrx_word' id='word_1_21' title='bbox 622 587 777 657; x_wconf 79' lang='lat' dir='ltr'><strong>tamquam</strong></span> <span class='ocrx_word' id='word_1_22' title='bbox 798 575 938 656; x_wconf 80' lang='lat' dir='ltr'><strong>perfidus,</strong></span> <span class='ocrx_word' id='word_1_23' title='bbox 956 587 992 636; x_wconf 92' lang='lat' dir='ltr'><strong>ut</strong></span> <span class='ocrx_word' id='word_1_24' title='bbox 1011 577 1102 638; x_wconf 85' lang='lat' dir='ltr'><strong>dooe-</strong></span> 
     </span>
     <span class='ocr_line' id='line_1_4' title="bbox 41 656 1099 745; baseline -0.001 -22"><span class='ocrx_word' id='word_1_25' title='bbox 41 661 114 723; x_wconf 87' lang='lat' dir='ltr'><strong>hitur</strong></span> <span class='ocrx_word' id='word_1_26' title='bbox 132 683 194 745; x_wconf 85' lang='lat' dir='ltr'><strong>oap.</strong></span> <span class='ocrx_word' id='word_1_27' title='bbox 215 664 263 724; x_wconf 78' lang='lat'><strong>25.</strong></span> <span class='ocrx_word' id='word_1_28' title='bbox 307 662 349 722; x_wconf 87' lang='lat' dir='ltr'><strong>Et</strong></span> <span class='ocrx_word' id='word_1_29' title='bbox 370 683 461 744; x_wconf 87' lang='lat' dir='ltr'><strong>quem</strong></span> <span class='ocrx_word' id='word_1_30' title='bbox 476 663 566 722; x_wconf 84' lang='lat' dir='ltr'><strong>Xena</strong></span> <span class='ocrx_word' id='word_1_31' title='bbox 588 661 649 720; x_wconf 90' lang='lat' dir='ltr'><strong>iam</strong></span> <span class='ocrx_word' id='word_1_32' title='bbox 678 659 855 720; x_wconf 86' lang='lat' dir='ltr'><strong>devoratum</strong></span> <span class='ocrx_word' id='word_1_33' title='bbox 881 656 967 734; x_wconf 81' lang='lat' dir='ltr'><strong>vult,</strong></span> <span class='ocrx_word' id='word_1_34' title='bbox 998 671 1099 741; x_wconf 87' lang='lat' dir='ltr'><strong>postea</strong></span> 
     </span>
     <span class='ocr_line' id='line_1_5' title="bbox 41 741 1102 828; baseline 0.001 -24"><span class='ocrx_word' id='word_1_35' title='bbox 41 747 161 826; x_wconf 85' lang='lat' dir='ltr'><strong>adoptat,</strong></span> <span class='ocrx_word' id='word_1_36' title='bbox 182 747 267 828; x_wconf 86' lang='lat' dir='ltr'><strong>eique</strong></span> <span class='ocrx_word' id='word_1_37' title='bbox 286 765 318 806; x_wconf 87' lang='lat' dir='ltr'><strong>se</strong></span> <span class='ocrx_word' id='word_1_38' title='bbox 337 755 433 807; x_wconf 86' lang='lat' dir='ltr'><strong>totam</strong></span> <span class='ocrx_word' id='word_1_39' title='bbox 456 743 626 820; x_wconf 82' lang='lat' dir='ltr'><strong>committit,</strong></span> <span class='ocrx_word' id='word_1_40' title='bbox 650 753 686 804; x_wconf 90' lang='lat' dir='ltr'><strong>ut</strong></span> <span class='ocrx_word' id='word_1_41' title='bbox 705 753 750 804; x_wconf 76' lang='lat' dir='ltr'><strong>out</strong></span> <span class='ocrx_word' id='word_1_42' title='bbox 769 742 850 826; x_wconf 85' lang='lat' dir='ltr'><strong>apud</strong></span> <span class='ocrx_word' id='word_1_43' title='bbox 871 741 1010 804; x_wconf 81' lang='lat' dir='ltr'><strong>eumdem</strong></span> <span class='ocrx_word' id='word_1_44' title='bbox 1025 745 1102 805; x_wconf 85' lang='lat' dir='ltr'><strong>Gre-</strong></span> 
     </span>
     <span class='ocr_line' id='line_1_6' title="bbox 41 849 598 910; baseline 0 -20"><span class='ocrx_word' id='word_1_45' title='bbox 41 849 142 910; x_wconf 78' lang='lat' dir='ltr'><strong>goram.</strong></span> <span class='ocrx_word' id='word_1_46' title='bbox 163 850 290 894; x_wconf 71' lang='lat' dir='ltr'><strong>rueres.</strong></span> <span class='ocrx_word' id='word_1_47' title='bbox 423 905 425 908; x_wconf 80' lang='lat'>.</span> <span class='ocrx_word' id='word_1_48' title='bbox 473 884 479 896; x_wconf 83' lang='grc'>,</span> <span class='ocrx_word' id='word_1_49' title='bbox 595 868 598 882; x_wconf 81' lang='lat'>·</span> 
     </span>
    </p>

    <p class='ocr_par' dir='ltr' id='par_1_3' title="bbox 108 909 585 994">
     <span class='ocr_line' id='line_1_7' title="bbox 108 909 585 994; baseline 0.004 -20"><span class='ocrx_word' id='word_1_50' title='bbox 108 911 332 994; x_wconf 73' lang='lat' dir='ltr'><strong>Pag.337,13.</strong></span> <span class='ocrx_word' id='word_1_51' title='bbox 358 909 433 991; x_wconf 76' lang='grc' dir='ltr'><strong><em>ἐρᾶν</em></strong></span> <span class='ocrx_word' id='word_1_52' title='bbox 456 912 501 974; x_wconf 91' lang='grc' dir='ltr'><strong>Μ.</strong></span> <span class='ocrx_word' id='word_1_53' title='bbox 525 931 585 993; x_wconf 77' lang='lat' dir='ltr'><strong>mg.</strong></span> 
     </span>
    </p>

    <p class='ocr_par' dir='ltr' id='par_1_4' title="bbox 110 993 721 1079">
     <span class='ocr_line' id='line_1_8' title="bbox 110 993 721 1079; baseline 0.005 -23"><span class='ocrx_word' id='word_1_54' title='bbox 110 995 337 1079; x_wconf 75' lang='lat' dir='ltr'><strong>Pag.358,17.</strong></span> <span class='ocrx_word' id='word_1_55' title='bbox 359 993 505 1056; x_wconf 76' lang='grc' dir='ltr'><strong>ἀναθεῖεν</strong></span> <span class='ocrx_word' id='word_1_56' title='bbox 525 997 568 1059; x_wconf 89' lang='grc' dir='ltr'><strong>Μ.</strong></span> <span class='ocrx_word' id='word_1_57' title='bbox 590 1013 721 1078; x_wconf 83' lang='lat' dir='ltr'><strong>quoque.</strong></span> 
     </span>
    </p>

    <p class='ocr_par' dir='ltr' id='par_1_5' title="bbox 107 1068 684 1161">
     <span class='ocr_line' id='line_1_9' title="bbox 107 1068 684 1161; baseline 0.002 -21"><span class='ocrx_word' id='word_1_58' title='bbox 107 1077 181 1161; x_wconf 76' lang='lat' dir='ltr'><strong>Pag.</strong></span> <span class='ocrx_word' id='word_1_59' title='bbox 197 1079 270 1160; x_wconf 74' lang='lat'><strong>339,</strong></span> <span class='ocrx_word' id='word_1_60' title='bbox 282 1077 314 1140; x_wconf 87' lang='grc'><strong>8.</strong></span> <span class='ocrx_word' id='word_1_61' title='bbox 337 1068 353 1137; x_wconf 81' lang='grc' dir='ltr'><em>ὃ</em></span> <span class='ocrx_word' id='word_1_62' title='bbox 375 1078 474 1156; x_wconf 81' lang='grc' dir='ltr'><strong><em>μέγας</em></strong></span> <span class='ocrx_word' id='word_1_63' title='bbox 491 1077 527 1139; x_wconf 76' lang='grc' dir='ltr'><strong>δὲ</strong></span> <span class='ocrx_word' id='word_1_64' title='bbox 549 1076 621 1154; x_wconf 79' lang='grc' dir='ltr'><strong><em>δαμ.</em></strong></span> <span class='ocrx_word' id='word_1_65' title='bbox 640 1079 684 1142; x_wconf 93' lang='grc' dir='ltr'><strong>Μ.</strong></span> 
     </span>
    </p>

    <p class='ocr_par' dir='ltr' id='par_1_6' title="bbox 32 1153 1230 1572">
     <span class='ocr_line' id='line_1_10' title="bbox 106 1153 1103 1244; baseline 0.001 -22"><span class='ocrx_word' id='word_1_66' title='bbox 106 1162 181 1244; x_wconf 80' lang='lat' dir='ltr'><strong>Peg.</strong></span> <span class='ocrx_word' id='word_1_67' title='bbox 198 1162 270 1244; x_wconf 75' lang='lat'><strong>559,</strong></span> <span class='ocrx_word' id='word_1_68' title='bbox 290 1181 340 1223; x_wconf 80' lang='lat' dir='ltr'><strong>ra.</strong></span> <span class='ocrx_word' id='word_1_69' title='bbox 361 1161 423 1222; x_wconf 79' lang='grc' dir='ltr'><strong>τῶν</strong></span> <span class='ocrx_word' id='word_1_70' title='bbox 438 1161 548 1227; x_wconf 78' lang='grc' dir='ltr'><strong><em>κοιναῑν</em></strong></span> <span class='ocrx_word' id='word_1_71' title='bbox 560 1153 754 1239; x_wconf 75' lang='grc' dir='ltr'><em>πραγμάτων</em></span> <span class='ocrx_word' id='word_1_72' title='bbox 767 1153 933 1242; x_wconf 75' lang='grc' dir='ltr'><strong><em>διοικητὴς.</em></strong></span> <span class='ocrx_word' id='word_1_73' title='bbox 953 1159 1009 1222; x_wconf 86' lang='lat' dir='ltr'><strong>Est</strong></span> <span class='ocrx_word' id='word_1_74' title='bbox 1021 1160 1103 1243; x_wconf 86' lang='lat' dir='ltr'><strong>opud</strong></span> 
     </span>
     <span class='ocr_line' id='line_1_11' title="bbox 34 1242 1230 1328; baseline 0.005 -26"><span class='ocrx_word' id='word_1_75' title='bbox 34 1263 81 1307; x_wconf 86' lang='lat' dir='ltr'><strong>nos</strong></span> <span class='ocrx_word' id='word_1_76' title='bbox 101 1242 306 1324; x_wconf 64' lang='lat' dir='ltr'><strong>cancellarium</strong></span> <span class='ocrx_word' id='word_1_77' title='bbox 327 1246 429 1326; x_wconf 88' lang='lat' dir='ltr'><strong>itaque</strong></span> <span class='ocrx_word' id='word_1_78' title='bbox 450 1243 652 1327; x_wconf 82' lang='lat' dir='ltr'><strong>explicationis</strong></span> <span class='ocrx_word' id='word_1_79' title='bbox 671 1264 762 1306; x_wconf 84' lang='lat' dir='ltr'><strong>cauea</strong></span> <span class='ocrx_word' id='word_1_80' title='bbox 780 1265 877 1328; x_wconf 86' lang='lat' dir='ltr'><strong>paene</strong></span> <span class='ocrx_word' id='word_1_81' title='bbox 891 1244 955 1305; x_wconf 86' lang='lat' dir='ltr'><strong>&#39;hoo</strong></span> <span class='ocrx_word' id='word_1_82' title='bbox 976 1245 1104 1308; x_wconf 85' lang='lat' dir='ltr'><strong>verbum</strong></span> <span class='ocrx_word' id='word_1_83' title='bbox 1226 1299 1230 1315; x_wconf 75' lang='grc'><strong>,</strong></span> 
     </span>
     <span class='ocr_line' id='line_1_12' title="bbox 35 1317 1100 1407; baseline 0.002 -23"><span class='ocrx_word' id='word_1_84' title='bbox 35 1327 128 1390; x_wconf 81' lang='lat' dir='ltr'><strong>adieci.</strong></span> <span class='ocrx_word' id='word_1_85' title='bbox 169 1317 233 1406; x_wconf 87' lang='lat' dir='ltr'><strong>Qui</strong></span> <span class='ocrx_word' id='word_1_86' title='bbox 254 1328 367 1390; x_wconf 83' lang='lat' dir='ltr'><strong>luerint</strong></span> <span class='ocrx_word' id='word_1_87' title='bbox 385 1324 612 1405; x_wconf 62' lang='lat' dir='ltr'><strong>processiones,</strong></span> <span class='ocrx_word' id='word_1_88' title='bbox 636 1321 822 1402; x_wconf 77' lang='grc' dir='ltr'><strong><em>μεσάζαντες</em></strong></span> <span class='ocrx_word' id='word_1_89' title='bbox 841 1333 906 1399; x_wconf 80' lang='grc' dir='ltr'><strong><em>ταῖς</em></strong></span> <span class='ocrx_word' id='word_1_90' title='bbox 924 1323 1100 1407; x_wconf 78' lang='grc' dir='ltr'><strong><em>πράγμασι,</em></strong></span> 
     </span>
     <span class='ocr_line' id='line_1_13' title="bbox 34 1407 1105 1495; baseline 0.005 -28"><span class='ocrx_word' id='word_1_91' title='bbox 34 1412 87 1472; x_wconf 75' lang='grc' dir='ltr'><strong>τῶν</strong></span> <span class='ocrx_word' id='word_1_92' title='bbox 106 1407 299 1492; x_wconf 80' lang='grc' dir='ltr'><strong><em>πραγμάτων</em></strong></span> <span class='ocrx_word' id='word_1_93' title='bbox 317 1409 374 1472; x_wconf 77' lang='grc' dir='ltr'><strong>τοῦ</strong></span> <span class='ocrx_word' id='word_1_94' title='bbox 394 1410 558 1489; x_wconf 79' lang='grc' dir='ltr'><strong><em>βασιλέως,</em></strong></span> <span class='ocrx_word' id='word_1_95' title='bbox 569 1422 603 1472; x_wconf 91' lang='lat' dir='ltr'><strong>ut</strong></span> <span class='ocrx_word' id='word_1_96' title='bbox 621 1408 669 1471; x_wconf 86' lang='lat' dir='ltr'><strong>his</strong></span> <span class='ocrx_word' id='word_1_97' title='bbox 691 1407 776 1472; x_wconf 88' lang='lat' dir='ltr'><strong>lihris</strong></span> <span class='ocrx_word' id='word_1_98' title='bbox 789 1431 930 1495; x_wconf 79' lang='lat' dir='ltr'><strong>persaepe</strong></span> <span class='ocrx_word' id='word_1_99' title='bbox 942 1413 1105 1473; x_wconf 83' lang='lat' dir='ltr'><strong>nominan-</strong></span> 
     </span>
     <span class='ocr_line' id='line_1_14' title="bbox 32 1494 487 1572; baseline 0.004 -21"><span class='ocrx_word' id='word_1_100' title='bbox 32 1501 87 1572; x_wconf 83' lang='lat' dir='ltr'><strong>tur,</strong></span> <span class='ocrx_word' id='word_1_101' title='bbox 110 1495 187 1555; x_wconf 85' lang='lat' dir='ltr'><strong>inlro</strong></span> <span class='ocrx_word' id='word_1_102' title='bbox 209 1494 335 1557; x_wconf 87' lang='lat' dir='ltr'><strong>dicetur.</strong></span> <span class='ocrx_word' id='word_1_103' title='bbox 359 1512 487 1556; x_wconf 74' lang='lat' dir='ltr'><strong>rourum</strong></span> 
     </span>
    </p>

    <p class='ocr_par' dir='ltr' id='par_1_7' title="bbox 28 1576 1108 1830">
     <span class='ocr_line' id='line_1_15' title="bbox 104 1576 1104 1663; baseline 0 -24"><span class='ocrx_word' id='word_1_104' title='bbox 104 1578 333 1662; x_wconf 72' lang='lat' dir='ltr'><strong>Pag.539,nr.</strong></span> <span class='ocrx_word' id='word_1_105' title='bbox 356 1579 595 1663; x_wconf 73' lang='lat' dir='ltr'><strong><em>principem</em></strong></span> <span class='ocrx_word' id='word_1_106' title='bbox 619 1576 830 1659; x_wconf 77' lang='lat' dir='ltr'><strong>Phrygiae</strong></span> <span class='ocrx_word' id='word_1_107' title='bbox 859 1577 1104 1640; x_wconf 74' lang='lat' dir='ltr'><strong>Taeter-tha-</strong></span> 
     </span>
     <span class='ocr_line' id='line_1_16' title="bbox 28 1660 1105 1744; baseline 0.004 -26"><span class='ocrx_word' id='word_1_108' title='bbox 28 1679 119 1723; x_wconf 76' lang='lat' dir='ltr'><strong>eem.</strong></span> <span class='ocrx_word' id='word_1_109' title='bbox 148 1661 281 1741; x_wconf 68' lang='lat' dir='ltr'><strong>Therone,</strong></span> <span class='ocrx_word' id='word_1_110' title='bbox 305 1681 367 1722; x_wconf 92' lang='lat' dir='ltr'><strong>non</strong></span> <span class='ocrx_word' id='word_1_111' title='bbox 389 1682 406 1722; x_wconf 90' lang='lat' dir='ltr'><strong>e</strong></span> <span class='ocrx_word' id='word_1_112' title='bbox 424 1661 576 1735; x_wconf 82' lang='lat' dir='ltr'><strong>Terteria,</strong></span> <span class='ocrx_word' id='word_1_113' title='bbox 599 1660 652 1722; x_wconf 88' lang='lat' dir='ltr'><strong>sed</strong></span> <span class='ocrx_word' id='word_1_114' title='bbox 672 1681 690 1720; x_wconf 91' lang='lat' dir='ltr'><strong>e</strong></span> <span class='ocrx_word' id='word_1_115' title='bbox 710 1660 834 1724; x_wconf 84' lang='lat' dir='ltr'><strong>Perside</strong></span> <span class='ocrx_word' id='word_1_116' title='bbox 854 1660 934 1744; x_wconf 88' lang='lat' dir='ltr'><strong>pulsi</strong></span> <span class='ocrx_word' id='word_1_117' title='bbox 955 1683 974 1723; x_wconf 88' lang='lat' dir='ltr'><strong>a</strong></span> <span class='ocrx_word' id='word_1_118' title='bbox 994 1663 1105 1722; x_wconf 78' lang='lat' dir='ltr'><strong>Tarta-</strong></span> 
     </span>
     <span class='ocr_line' id='line_1_17' title="bbox 29 1743 1108 1830; baseline 0.006 -30"><span class='ocrx_word' id='word_1_119' title='bbox 29 1744 85 1824; x_wconf 81' lang='lat' dir='ltr'><strong>uis‚</strong></span> <span class='ocrx_word' id='word_1_120' title='bbox 106 1744 138 1806; x_wconf 92' lang='lat' dir='ltr'><strong>in</strong></span> <span class='ocrx_word' id='word_1_121' title='bbox 162 1743 270 1807; x_wconf 83' lang='lat' dir='ltr'><strong>Asiam</strong></span> <span class='ocrx_word' id='word_1_122' title='bbox 297 1744 446 1808; x_wconf 85' lang='lat' dir='ltr'>minorem</span> <span class='ocrx_word' id='word_1_123' title='bbox 469 1748 725 1828; x_wconf 77' lang='lat' dir='ltr'><strong>commigrarunt,</strong></span> <span class='ocrx_word' id='word_1_124' title='bbox 757 1767 850 1830; x_wconf 89' lang='lat' dir='ltr'><strong>quam</strong></span> <span class='ocrx_word' id='word_1_125' title='bbox 879 1765 961 1806; x_wconf 88' lang='lat' dir='ltr'><strong>nuno</strong></span> <span class='ocrx_word' id='word_1_126' title='bbox 985 1746 1108 1806; x_wconf 79' lang='lat' dir='ltr'><strong>Anato-</strong></span> 
     </span>
    </p>
   </div>
   <div class='ocr_carea' id='block_1_3' title="bbox 26 1823 1232 1911">
    <p class='ocr_par' dir='ltr' id='par_1_8' title="bbox 26 1823 1232 1911">
     <span class='ocr_line' id='line_1_18' title="bbox 26 1823 1232 1911; baseline 0.003 -26"><span class='ocrx_word' id='word_1_127' title='bbox 26 1823 90 1888; x_wconf 88' lang='lat' dir='ltr'><strong>liam</strong></span> <span class='ocrx_word' id='word_1_128' title='bbox 113 1839 235 1889; x_wconf 79' lang='lat' dir='ltr'><strong>vocant.</strong></span> <span class='ocrx_word' id='word_1_129' title='bbox 260 1827 380 1911; x_wconf 81' lang='lat' dir='ltr'><strong>Septem</strong></span> <span class='ocrx_word' id='word_1_130' title='bbox 400 1829 492 1891; x_wconf 87' lang='lat' dir='ltr'><strong>duces</strong></span> <span class='ocrx_word' id='word_1_131' title='bbox 516 1850 582 1891; x_wconf 84' lang='lat' dir='ltr'><strong>eom</strong></span> <span class='ocrx_word' id='word_1_132' title='bbox 601 1827 756 1888; x_wconf 80' lang='lat' dir='ltr'><strong>subactam</strong></span> <span class='ocrx_word' id='word_1_133' title='bbox 780 1832 859 1892; x_wconf 88' lang='lat' dir='ltr'><strong>inter</strong></span> <span class='ocrx_word' id='word_1_134' title='bbox 878 1849 910 1888; x_wconf 85' lang='lat' dir='ltr'><strong>se</strong></span> <span class='ocrx_word' id='word_1_135' title='bbox 924 1827 1104 1906; x_wconf 85' lang='lat' dir='ltr'><strong>diviserunt,</strong></span> <span class='ocrx_word' id='word_1_136' title='bbox 1227 1889 1232 1898; x_wconf 81' lang='grc'><strong>,</strong></span> 
     </span>
    </p>
   </div>
   <div class='ocr_carea' id='block_1_4' title="bbox 2 1911 1141 3812">
    <p class='ocr_par' dir='ltr' id='par_1_9' title="bbox 12 1911 1141 2894">
     <span class='ocr_line' id='line_1_19' title="bbox 26 1911 1106 1995; baseline 0.006 -27"><span class='ocrx_word' id='word_1_137' title='bbox 26 1919 56 1968; x_wconf 90' lang='lat' dir='ltr'><strong>ut</strong></span> <span class='ocrx_word' id='word_1_138' title='bbox 74 1911 115 1972; x_wconf 88' lang='lat' dir='ltr'><strong>ait</strong></span> <span class='ocrx_word' id='word_1_139' title='bbox 134 1912 300 1977; x_wconf 84' lang='lat' dir='ltr'><strong>Leonious.</strong></span> <span class='ocrx_word' id='word_1_140' title='bbox 334 1911 502 1974; x_wconf 60' lang='lat' dir='ltr'><strong>&amp;remano</strong></span> <span class='ocrx_word' id='word_1_141' title='bbox 522 1913 696 1994; x_wconf 80' lang='lat' dir='ltr'><strong>obtigerunt</strong></span> <span class='ocrx_word' id='word_1_142' title='bbox 715 1913 934 1975; x_wconf 84' lang='lat' dir='ltr'><strong>mediterraneo</strong></span> <span class='ocrx_word' id='word_1_143' title='bbox 953 1912 1106 1995; x_wconf 76' lang='lat' dir='ltr'><strong>Phrygiae</strong></span> 
     </span>
     <span class='ocr_line' id='line_1_20' title="bbox 24 1993 1107 2080; baseline 0.004 -28"><span class='ocrx_word' id='word_1_144' title='bbox 24 1995 139 2056; x_wconf 89' lang='lat' dir='ltr'><strong>maioris</strong></span> <span class='ocrx_word' id='word_1_145' title='bbox 158 2015 234 2056; x_wconf 82' lang='lat' dir='ltr'><strong>curn</strong></span> <span class='ocrx_word' id='word_1_146' title='bbox 257 1994 381 2056; x_wconf 80' lang='lat' dir='ltr'><strong>Cilicia:</strong></span> <span class='ocrx_word' id='word_1_147' title='bbox 405 1999 490 2057; x_wconf 87' lang='lat' dir='ltr'><strong>euius</strong></span> <span class='ocrx_word' id='word_1_148' title='bbox 509 2017 528 2056; x_wconf 87' lang='lat' dir='ltr'><strong>a</strong></span> <span class='ocrx_word' id='word_1_149' title='bbox 548 1995 669 2056; x_wconf 88' lang='lat' dir='ltr'><strong>nomine</strong></span> <span class='ocrx_word' id='word_1_150' title='bbox 690 2015 769 2074; x_wconf 82' lang='lat' dir='ltr'><strong>qnae</strong></span> <span class='ocrx_word' id='word_1_151' title='bbox 787 1999 872 2080; x_wconf 86' lang='lat' dir='ltr'><strong>prius</strong></span> <span class='ocrx_word' id='word_1_152' title='bbox 893 1993 1018 2068; x_wconf 83' lang='lat' dir='ltr'><strong>Cilicia,</strong></span> <span class='ocrx_word' id='word_1_153' title='bbox 1048 2016 1107 2077; x_wconf 80' lang='lat' dir='ltr'><strong>po·</strong></span> 
     </span>
     <span class='ocr_line' id='line_1_21' title="bbox 24 2075 1105 2160; baseline 0.003 -24"><span class='ocrx_word' id='word_1_154' title='bbox 24 2085 79 2138; x_wconf 81' lang='lat' dir='ltr'><strong>etea</strong></span> <span class='ocrx_word' id='word_1_155' title='bbox 98 2080 285 2139; x_wconf 80' lang='lat' dir='ltr'><strong>Caramania</strong></span> <span class='ocrx_word' id='word_1_156' title='bbox 306 2078 363 2139; x_wconf 83' lang='lat' dir='ltr'><strong>luit</strong></span> <span class='ocrx_word' id='word_1_157' title='bbox 385 2077 465 2140; x_wconf 88' lang='lat' dir='ltr'><strong>dicta</strong></span> <span class='ocrx_word' id='word_1_158' title='bbox 494 2090 525 2140; x_wconf 91' lang='lat' dir='ltr'><strong>et</strong></span> <span class='ocrx_word' id='word_1_159' title='bbox 545 2097 640 2160; x_wconf 85' lang='lat' dir='ltr'><strong>usqne</strong></span> <span class='ocrx_word' id='word_1_160' title='bbox 667 2075 759 2140; x_wconf 84' lang='lat' dir='ltr'><strong>hodie</strong></span> <span class='ocrx_word' id='word_1_161' title='bbox 788 2081 911 2142; x_wconf 88' lang='lat' dir='ltr'><strong>dicitnr.</strong></span> <span class='ocrx_word' id='word_1_162' title='bbox 959 2077 1105 2140; x_wconf 84' lang='lat' dir='ltr'><strong>Seroheni</strong></span> 
     </span>
     <span class='ocr_line' id='line_1_22' title="bbox 23 2159 1107 2246; baseline 0.004 -28"><span class='ocrx_word' id='word_1_163' title='bbox 23 2179 81 2220; x_wconf 83' lang='lat' dir='ltr'><strong>sore</strong></span> <span class='ocrx_word' id='word_1_164' title='bbox 100 2165 289 2224; x_wconf 83' lang='lat' dir='ltr'><strong>maritimam</strong></span> <span class='ocrx_word' id='word_1_165' title='bbox 309 2161 412 2222; x_wconf 80' lang='lat' dir='ltr'><strong>ioniae</strong></span> <span class='ocrx_word' id='word_1_166' title='bbox 425 2164 578 2244; x_wconf 84' lang='lat' dir='ltr'><strong>regionem</strong></span> <span class='ocrx_word' id='word_1_167' title='bbox 590 2161 750 2242; x_wconf 82' lang='lat' dir='ltr'><strong>Smyrnam</strong></span> <span class='ocrx_word' id='word_1_168' title='bbox 766 2183 863 2246; x_wconf 84' lang='lat' dir='ltr'><strong>usque</strong></span> <span class='ocrx_word' id='word_1_169' title='bbox 876 2159 1002 2223; x_wconf 80' lang='lat' dir='ltr'><strong>tribuit:</strong></span> <span class='ocrx_word' id='word_1_170' title='bbox 1024 2163 1107 2222; x_wconf 91' lang='lat' dir='ltr'><strong>unde</strong></span> 
     </span>
     <span class='ocr_line' id='line_1_23' title="bbox 23 2241 1141 2329; baseline 0.003 -28"><span class='ocrx_word' id='word_1_171' title='bbox 23 2241 202 2306; x_wconf 83' lang='lat' dir='ltr'><strong>Sarchauioe</strong></span> <span class='ocrx_word' id='word_1_172' title='bbox 223 2265 337 2306; x_wconf 86' lang='lat' dir='ltr'><strong>nomen</strong></span> <span class='ocrx_word' id='word_1_173' title='bbox 359 2256 403 2306; x_wconf 87' lang='lat' dir='ltr'><strong>est</strong></span> <span class='ocrx_word' id='word_1_174' title='bbox 422 2247 537 2329; x_wconf 85' lang='lat' dir='ltr'><strong>adepte.</strong></span> <span class='ocrx_word' id='word_1_175' title='bbox 581 2244 697 2304; x_wconf 79' lang='lat' dir='ltr'><strong>Colarni</strong></span> <span class='ocrx_word' id='word_1_176' title='bbox 717 2257 748 2306; x_wconf 86' lang='lat' dir='ltr'><strong>et</strong></span> <span class='ocrx_word' id='word_1_177' title='bbox 767 2245 829 2308; x_wconf 82' lang='lat' dir='ltr'><strong>lilio</strong></span> <span class='ocrx_word' id='word_1_178' title='bbox 856 2248 962 2308; x_wconf 85' lang='lat' dir='ltr'><strong>Carasi</strong></span> <span class='ocrx_word' id='word_1_179' title='bbox 981 2244 1108 2306; x_wconf 88' lang='lat' dir='ltr'>obvenit</span> <span class='ocrx_word' id='word_1_180' title='bbox 1139 2299 1141 2304; x_wconf 83' lang='grc'>.</span> 
     </span>
     <span class='ocr_line' id='line_1_24' title="bbox 22 2325 1107 2413; baseline 0.011 -30"><span class='ocrx_word' id='word_1_181' title='bbox 22 2325 112 2406; x_wconf 88' lang='lat' dir='ltr'><strong>Lydia</strong></span> <span class='ocrx_word' id='word_1_182' title='bbox 132 2351 234 2411; x_wconf 87' lang='lat' dir='ltr'><strong>usque</strong></span> <span class='ocrx_word' id='word_1_183' title='bbox 263 2329 304 2388; x_wconf 84' lang='lat' dir='ltr'><strong>nd</strong></span> <span class='ocrx_word' id='word_1_184' title='bbox 334 2331 482 2410; x_wconf 83' lang='lat' dir='ltr'><strong>Mysiam:</strong></span> <span class='ocrx_word' id='word_1_185' title='bbox 515 2349 594 2413; x_wconf 86' lang='lat' dir='ltr'><strong>quae</strong></span> <span class='ocrx_word' id='word_1_186' title='bbox 615 2328 699 2410; x_wconf 82' lang='lat' dir='ltr'><strong>regio</strong></span> <span class='ocrx_word' id='word_1_187' title='bbox 719 2329 841 2392; x_wconf 85' lang='lat' dir='ltr'><strong>Carosia</strong></span> <span class='ocrx_word' id='word_1_188' title='bbox 863 2331 919 2392; x_wconf 86' lang='lat' dir='ltr'><strong>suit</strong></span> <span class='ocrx_word' id='word_1_189' title='bbox 947 2327 1107 2410; x_wconf 81' lang='lat' dir='ltr'><strong>appellate.</strong></span> 
     </span>
     <span class='ocr_line' id='line_1_25' title="bbox 20 2409 1108 2498; baseline 0.004 -30"><span class='ocrx_word' id='word_1_190' title='bbox 20 2409 131 2473; x_wconf 85' lang='lat' dir='ltr'><strong>Osman</strong></span> <span class='ocrx_word' id='word_1_191' title='bbox 150 2411 314 2478; x_wconf 86' lang='lat' dir='ltr'><strong>Etruoulie</strong></span> <span class='ocrx_word' id='word_1_192' title='bbox 334 2411 414 2474; x_wconf 85' lang='lat' dir='ltr'><strong>filius</strong></span> <span class='ocrx_word' id='word_1_193' title='bbox 433 2413 629 2498; x_wconf 82' lang='lat' dir='ltr'><strong>Bithyniam,</strong></span> <span class='ocrx_word' id='word_1_194' title='bbox 653 2432 724 2474; x_wconf 88' lang='lat' dir='ltr'><strong>cum</strong></span> <span class='ocrx_word' id='word_1_195' title='bbox 743 2414 916 2496; x_wconf 79' lang='lat' dir='ltr'><strong>regionibus</strong></span> <span class='ocrx_word' id='word_1_196' title='bbox 938 2411 1108 2494; x_wconf 87' lang='lat' dir='ltr'><strong>Olympum</strong></span> 
     </span>
     <span class='ocr_line' id='line_1_26' title="bbox 18 2495 1108 2664; baseline 0.004 -30"><span class='ocrx_word' id='word_1_197' title='bbox 18 2513 117 2640; x_wconf 72' lang='lat' dir='ltr'><strong>iiiii</strong></span> <span class='ocrx_word' id='word_1_198' title='bbox 134 2495 1108 2664; x_wconf 51' lang='lat' dir='ltr'><strong>ttfttllttn‘t,ttithtltltsttlithulf]</strong></span> 
     </span>
     <span class='ocr_line' id='line_1_27' title="bbox 16 2659 1109 2744; baseline 0 -24"><span class='ocrx_word' id='word_1_199' title='bbox 16 2659 101 2724; x_wconf 82' lang='lat' dir='ltr'><strong>diota.</strong></span> <span class='ocrx_word' id='word_1_200' title='bbox 143 2665 286 2726; x_wconf 83' lang='lat' dir='ltr'><strong>Amurae</strong></span> <span class='ocrx_word' id='word_1_201' title='bbox 307 2663 384 2724; x_wconf 86' lang='lat' dir='ltr'><strong>lilios</strong></span> <span class='ocrx_word' id='word_1_202' title='bbox 404 2665 498 2726; x_wconf 87' lang='lat' dir='ltr'><strong>tradit</strong></span> <span class='ocrx_word' id='word_1_203' title='bbox 517 2665 668 2725; x_wconf 87' lang='lat' dir='ltr'><strong>Laonicus</strong></span> <span class='ocrx_word' id='word_1_204' title='bbox 689 2666 836 2744; x_wconf 87' lang='lat' dir='ltr'><strong>accepisse</strong></span> <span class='ocrx_word' id='word_1_205' title='bbox 869 2659 1109 2743; x_wconf 80' lang='lat' dir='ltr'><strong>Paphlagoniam</strong></span> 
     </span>
     <span class='ocr_line' id='line_1_28' title="bbox 16 2744 1105 2830; baseline 0.004 -28"><span class='ocrx_word' id='word_1_206' title='bbox 16 2762 80 2806; x_wconf 83' lang='lat' dir='ltr'><strong>cum</strong></span> <span class='ocrx_word' id='word_1_207' title='bbox 104 2747 156 2828; x_wconf 83' lang='lat' dir='ltr'><strong>iis,</strong></span> <span class='ocrx_word' id='word_1_208' title='bbox 179 2767 266 2830; x_wconf 82' lang='lat' dir='ltr'><strong>quoe</strong></span> <span class='ocrx_word' id='word_1_209' title='bbox 295 2745 334 2806; x_wconf 82' lang='lat' dir='ltr'><strong>ad</strong></span> <span class='ocrx_word' id='word_1_210' title='bbox 356 2747 510 2808; x_wconf 83' lang='lat' dir='ltr'><strong>Euxinum</strong></span> <span class='ocrx_word' id='word_1_211' title='bbox 529 2750 670 2828; x_wconf 76' lang='lat' dir='ltr'><strong>vergunt.</strong></span> <span class='ocrx_word' id='word_1_212' title='bbox 693 2745 774 2806; x_wconf 85' lang='lat' dir='ltr'><strong>Vide</strong></span> <span class='ocrx_word' id='word_1_213' title='bbox 794 2745 883 2829; x_wconf 89' lang='lat' dir='ltr'><strong>plura</strong></span> <span class='ocrx_word' id='word_1_214' title='bbox 906 2744 989 2829; x_wconf 88' lang='lat' dir='ltr'><strong>apud</strong></span> <span class='ocrx_word' id='word_1_215' title='bbox 1001 2745 1105 2808; x_wconf 79' lang='lat' dir='ltr'><strong>Leun-</strong></span> 
     </span>
     <span class='ocr_line' id='line_1_29' title="bbox 12 2823 886 2894; baseline -0.001 -4"><span class='ocrx_word' id='word_1_216' title='bbox 12 2823 143 2892; x_wconf 80' lang='lat' dir='ltr'><strong>olavium</strong></span> <span class='ocrx_word' id='word_1_217' title='bbox 167 2831 204 2892; x_wconf 90' lang='lat' dir='ltr'><strong>in</strong></span> <span class='ocrx_word' id='word_1_218' title='bbox 234 2829 388 2892; x_wconf 77' lang='lat' dir='ltr'><strong>Pandente</strong></span> <span class='ocrx_word' id='word_1_219' title='bbox 415 2831 559 2894; x_wconf 84' lang='lat' dir='ltr'><strong>historiae</strong></span> <span class='ocrx_word' id='word_1_220' title='bbox 577 2829 735 2891; x_wconf 85' lang='lat' dir='ltr'><strong>Turoicae.</strong></span> <span class='ocrx_word' id='word_1_221' title='bbox 757 2848 886 2892; x_wconf 72' lang='lat' dir='ltr'><strong>rourum</strong></span> 
     </span>
    </p>

    <p class='ocr_par' dir='ltr' id='par_1_10' title="bbox 92 2905 732 2996">
     <span class='ocr_line' id='line_1_30' title="bbox 92 2905 732 2996; baseline -0.003 -21"><span class='ocrx_word' id='word_1_222' title='bbox 92 2913 176 2996; x_wconf 71' lang='lat' dir='ltr'><strong>Peg.</strong></span> <span class='ocrx_word' id='word_1_223' title='bbox 194 2912 271 2990; x_wconf 79' lang='lat'><strong>340,</strong></span> <span class='ocrx_word' id='word_1_224' title='bbox 285 2911 316 2992; x_wconf 92' lang='lat'><strong>4.</strong></span> <span class='ocrx_word' id='word_1_225' title='bbox 338 2913 394 2976; x_wconf 83' lang='grc' dir='ltr'><strong><em>καί</em></strong></span> <span class='ocrx_word' id='word_1_226' title='bbox 414 2909 443 2976; x_wconf 85' lang='lat' dir='ltr'><strong>oi</strong></span> <span class='ocrx_word' id='word_1_227' title='bbox 464 2905 555 2975; x_wconf 74' lang='grc' dir='ltr'><strong><em>ἄλλοι</em></strong></span> <span class='ocrx_word' id='word_1_228' title='bbox 575 2915 618 2978; x_wconf 89' lang='grc' dir='ltr'><strong>Μ.</strong></span> <span class='ocrx_word' id='word_1_229' title='bbox 640 2925 732 2982; x_wconf 88' lang='lat' dir='ltr'><strong>recte,</strong></span> 
     </span>
    </p>

    <p class='ocr_par' dir='ltr' id='par_1_11' title="bbox 89 2989 820 3081">
     <span class='ocr_line' id='line_1_31' title="bbox 89 2989 820 3081; baseline -0.004 -20"><span class='ocrx_word' id='word_1_230' title='bbox 89 2995 176 3080; x_wconf 77' lang='lat' dir='ltr'><strong>Pag.</strong></span> <span class='ocrx_word' id='word_1_231' title='bbox 193 2994 274 3076; x_wconf 79' lang='lat'><strong>540,</strong></span> <span class='ocrx_word' id='word_1_232' title='bbox 288 3017 337 3058; x_wconf 82' lang='lat' dir='ltr'><strong>ao.</strong></span> <span class='ocrx_word' id='word_1_233' title='bbox 363 2989 449 3081; x_wconf 76' lang='grc' dir='ltr'><strong>αὐτῷ</strong></span> <span class='ocrx_word' id='word_1_234' title='bbox 469 2993 525 3058; x_wconf 78' lang='grc' dir='ltr'><strong>καὶ</strong></span> <span class='ocrx_word' id='word_1_235' title='bbox 543 2991 602 3070; x_wconf 74' lang='grc' dir='ltr'><strong>τὰς</strong></span> <span class='ocrx_word' id='word_1_236' title='bbox 623 2999 667 3059; x_wconf 80' lang='lat' dir='ltr'><strong>M.</strong></span> <span class='ocrx_word' id='word_1_237' title='bbox 689 3015 820 3081; x_wconf 85' lang='lat' dir='ltr'><strong>quoque.</strong></span> 
     </span>
    </p>

    <p class='ocr_par' dir='ltr' id='par_1_12' title="bbox 87 3076 959 3163">
     <span class='ocr_line' id='line_1_32' title="bbox 87 3076 959 3163; baseline -0.002 -20"><span class='ocrx_word' id='word_1_238' title='bbox 87 3079 176 3163; x_wconf 78' lang='lat' dir='ltr'><strong>Peg.</strong></span> <span class='ocrx_word' id='word_1_239' title='bbox 194 3082 273 3157; x_wconf 80' lang='lat'><strong>541,</strong></span> <span class='ocrx_word' id='word_1_240' title='bbox 286 3102 314 3163; x_wconf 85' lang='grc' dir='ltr'><strong>γ.</strong></span> <span class='ocrx_word' id='word_1_241' title='bbox 336 3081 503 3162; x_wconf 75' lang='grc' dir='ltr'><strong><em>Βαθηνίαν</em></strong></span> <span class='ocrx_word' id='word_1_242' title='bbox 526 3083 584 3158; x_wconf 88' lang='grc' dir='ltr'><strong>Μ.,</strong></span> <span class='ocrx_word' id='word_1_243' title='bbox 605 3080 670 3142; x_wconf 84' lang='lat' dir='ltr'><strong>sed.</strong></span> <span class='ocrx_word' id='word_1_244' title='bbox 690 3101 770 3147; x_wconf 87' lang='lat' dir='ltr'><strong>corr.</strong></span> <span class='ocrx_word' id='word_1_245' title='bbox 790 3076 959 3142; x_wconf 75' lang='grc' dir='ltr'><strong><em>Βιθυνίαν.</em></strong></span> 
     </span>
    </p>

    <p class='ocr_par' dir='ltr' id='par_1_13' title="bbox 87 3157 690 3248">
     <span class='ocr_line' id='line_1_33' title="bbox 87 3157 690 3248; baseline -0.003 -20"><span class='ocrx_word' id='word_1_246' title='bbox 87 3163 174 3248; x_wconf 70' lang='lat' dir='ltr'><strong>Pag.</strong></span> <span class='ocrx_word' id='word_1_247' title='bbox 191 3164 270 3240; x_wconf 80' lang='lat'><strong>341,</strong></span> <span class='ocrx_word' id='word_1_248' title='bbox 283 3183 333 3227; x_wconf 72' lang='grc' dir='ltr'><strong>αα.</strong></span> <span class='ocrx_word' id='word_1_249' title='bbox 355 3157 625 3246; x_wconf 71' lang='grc' dir='ltr'><strong><em>ἀναχωρησάντων</em></strong></span> <span class='ocrx_word' id='word_1_250' title='bbox 645 3165 690 3232; x_wconf 91' lang='grc' dir='ltr'><strong>Μ.</strong></span> 
     </span>
    </p>

    <p class='ocr_par' dir='ltr' id='par_1_14' title="bbox 6 3243 1113 3562">
     <span class='ocr_line' id='line_1_34' title="bbox 86 3243 1108 3331; baseline -0.005 -20"><span class='ocrx_word' id='word_1_251' title='bbox 86 3247 166 3331; x_wconf 68' lang='lat' dir='ltr'><strong>Pap</strong></span> <span class='ocrx_word' id='word_1_252' title='bbox 193 3245 270 3326; x_wconf 75' lang='lat'><strong>342,</strong></span> <span class='ocrx_word' id='word_1_253' title='bbox 281 3268 312 3328; x_wconf 88' lang='lat'><strong>9.</strong></span> <span class='ocrx_word' id='word_1_254' title='bbox 332 3249 375 3310; x_wconf 85' lang='grc' dir='ltr'><strong><em>ιά</em></strong></span> <span class='ocrx_word' id='word_1_255' title='bbox 395 3249 600 3310; x_wconf 82' lang='lat' dir='ltr'><strong>orientem.</strong></span> <span class='ocrx_word' id='word_1_256' title='bbox 641 3249 690 3309; x_wconf 93' lang='lat' dir='ltr'><strong>De</strong></span> <span class='ocrx_word' id='word_1_257' title='bbox 721 3248 780 3310; x_wconf 83' lang='lat' dir='ltr'><strong>heo</strong></span> <span class='ocrx_word' id='word_1_258' title='bbox 809 3247 1000 3330; x_wconf 86' lang='lat' dir='ltr'><strong>expeditione</strong></span> <span class='ocrx_word' id='word_1_259' title='bbox 1028 3243 1108 3326; x_wconf 80' lang='lat' dir='ltr'><strong>legas</strong></span> 
     </span>
     <span class='ocr_line' id='line_1_35' title="bbox 8 3329 1110 3414; baseline 0.001 -27"><span class='ocrx_word' id='word_1_260' title='bbox 8 3347 138 3409; x_wconf 83' lang='lat' dir='ltr'><strong>censeo,</strong></span> <span class='ocrx_word' id='word_1_261' title='bbox 160 3351 249 3414; x_wconf 82' lang='lat' dir='ltr'><strong>quae</strong></span> <span class='ocrx_word' id='word_1_262' title='bbox 268 3329 346 3392; x_wconf 87' lang='lat' dir='ltr'><strong>libro</strong></span> <span class='ocrx_word' id='word_1_263' title='bbox 365 3350 400 3414; x_wconf 84' lang='lat'><strong>9.</strong></span> <span class='ocrx_word' id='word_1_264' title='bbox 423 3342 528 3392; x_wconf 87' lang='lat' dir='ltr'><strong>narrat</strong></span> <span class='ocrx_word' id='word_1_265' title='bbox 553 3335 703 3414; x_wconf 78' lang='lat' dir='ltr'><strong>Gregoras</strong></span> <span class='ocrx_word' id='word_1_266' title='bbox 724 3341 755 3394; x_wconf 80' lang='lat' dir='ltr'><strong>et</strong></span> <span class='ocrx_word' id='word_1_267' title='bbox 786 3353 857 3392; x_wconf 86' lang='lat' dir='ltr'><strong>enm</strong></span> <span class='ocrx_word' id='word_1_268' title='bbox 878 3342 981 3392; x_wconf 85' lang='lat' dir='ltr'><strong>nostra</strong></span> <span class='ocrx_word' id='word_1_269' title='bbox 1000 3349 1110 3389; x_wconf 83' lang='lat' dir='ltr'><strong>nerra-</strong></span> 
     </span>
     <span class='ocr_line' id='line_1_36' title="bbox 6 3412 1113 3508; baseline 0.001 -36"><span class='ocrx_word' id='word_1_270' title='bbox 6 3416 89 3508; x_wconf 79' lang='lat' dir='ltr'><strong>tione</strong></span> <span class='ocrx_word' id='word_1_271' title='bbox 112 3415 285 3492; x_wconf 85' lang='lat' dir='ltr'><strong>conseros;</strong></span> <span class='ocrx_word' id='word_1_272' title='bbox 307 3435 399 3496; x_wconf 88' lang='lat' dir='ltr'><strong>quam</strong></span> <span class='ocrx_word' id='word_1_273' title='bbox 420 3414 517 3476; x_wconf 89' lang='lat' dir='ltr'><strong>multo</strong></span> <span class='ocrx_word' id='word_1_274' title='bbox 538 3417 757 3478; x_wconf 75' lang='lat' dir='ltr'><strong>ubeaioremeo</strong></span> <span class='ocrx_word' id='word_1_275' title='bbox 779 3413 1009 3491; x_wconf 74' lang='lat' dir='ltr'><strong>distinctionem,</strong></span> <span class='ocrx_word' id='word_1_276' title='bbox 1032 3412 1113 3473; x_wconf 87' lang='lat' dir='ltr'><strong>addo</strong></span> 
     </span>
     <span class='ocr_line' id='line_1_37' title="bbox 7 3499 609 3562; baseline 0.015 -9"><span class='ocrx_word' id='word_1_277' title='bbox 7 3507 100 3558; x_wconf 73' lang='lat' dir='ltr'><strong>etiam</strong></span> <span class='ocrx_word' id='word_1_278' title='bbox 125 3501 288 3560; x_wconf 83' lang='lat' dir='ltr'><strong>veriorem</strong></span> <span class='ocrx_word' id='word_1_279' title='bbox 309 3499 453 3561; x_wconf 88' lang='lat' dir='ltr'><strong>invenies.</strong></span> <span class='ocrx_word' id='word_1_280' title='bbox 475 3521 609 3562; x_wconf 74' lang='lat' dir='ltr'><strong>rourum</strong></span> 
     </span>
    </p>

    <p class='ocr_par' dir='ltr' id='par_1_15' title="bbox 2 3579 1116 3812">
     <span class='ocr_line' id='line_1_38' title="bbox 88 3579 1110 3668; baseline -0.004 -26"><span class='ocrx_word' id='word_1_281' title='bbox 88 3579 340 3665; x_wconf 74' lang='lat' dir='ltr'><strong>Pag.34n,1o.</strong></span> <span class='ocrx_word' id='word_1_282' title='bbox 361 3582 415 3642; x_wconf 87' lang='lat' dir='ltr'><strong>ud</strong></span> <span class='ocrx_word' id='word_1_283' title='bbox 438 3581 465 3645; x_wconf 88' lang='lat' dir='ltr'><em>S</em></span> <span class='ocrx_word' id='word_1_284' title='bbox 470 3586 682 3646; x_wconf 75' lang='lat' dir='ltr'><strong>cutoriam.</strong></span> <span class='ocrx_word' id='word_1_285' title='bbox 706 3583 829 3668; x_wconf 82' lang='lat' dir='ltr'><strong>Angulo</strong></span> <span class='ocrx_word' id='word_1_286' title='bbox 842 3579 1110 3653; x_wconf 86' lang='lat' dir='ltr'><strong>SultaninlSaraii,</strong></span> 
     </span>
     <span class='ocr_line' id='line_1_39' title="bbox 11 3659 1116 3749; baseline 0.001 -29"><span class='ocrx_word' id='word_1_287' title='bbox 11 3659 142 3737; x_wconf 83' lang='lat' dir='ltr'><strong>idest,</strong></span> <span class='ocrx_word' id='word_1_288' title='bbox 172 3661 297 3746; x_wconf 84' lang='lat' dir='ltr'><strong>palatii,</strong></span> <span class='ocrx_word' id='word_1_289' title='bbox 320 3665 483 3746; x_wconf 78' lang='lat' dir='ltr'><strong>respondet</strong></span> <span class='ocrx_word' id='word_1_290' title='bbox 503 3687 520 3726; x_wconf 87' lang='lat' dir='ltr'><strong>e</strong></span> <span class='ocrx_word' id='word_1_291' title='bbox 540 3671 662 3749; x_wconf 85' lang='lat' dir='ltr'><strong>regione</strong></span> <span class='ocrx_word' id='word_1_292' title='bbox 685 3668 857 3729; x_wconf 80' lang='lat' dir='ltr'><strong>scutarium</strong></span> <span class='ocrx_word' id='word_1_293' title='bbox 878 3669 910 3728; x_wconf 89' lang='lat' dir='ltr'><strong>in</strong></span> <span class='ocrx_word' id='word_1_294' title='bbox 933 3667 1021 3739; x_wconf 82' lang='lat' dir='ltr'><strong>Asia,</strong></span> <span class='ocrx_word' id='word_1_295' title='bbox 1050 3662 1116 3722; x_wconf 82' lang='lat' dir='ltr'><strong>die-</strong></span> 
     </span>
     <span class='ocr_line' id='line_1_40' title="bbox 2 3745 1115 3812; baseline -0.001 -8"><span class='ocrx_word' id='word_1_296' title='bbox 2 3745 122 3810; x_wconf 89' lang='lat' dir='ltr'><strong>iunctis</strong></span> <span class='ocrx_word' id='word_1_297' title='bbox 146 3765 168 3809; x_wconf 81' lang='lat' dir='ltr'><strong>a</strong></span> <span class='ocrx_word' id='word_1_298' title='bbox 194 3767 232 3807; x_wconf 81' lang='lat' dir='ltr'><strong>ee</strong></span> <span class='ocrx_word' id='word_1_299' title='bbox 252 3749 383 3808; x_wconf 86' lang='lat' dir='ltr'><strong>invicem</strong></span> <span class='ocrx_word' id='word_1_300' title='bbox 403 3746 477 3809; x_wconf 83' lang='lat' dir='ltr'><strong>locis</strong></span> <span class='ocrx_word' id='word_1_301' title='bbox 497 3749 580 3810; x_wconf 83' lang='lat' dir='ltr'><strong>hisee</strong></span> <span class='ocrx_word' id='word_1_302' title='bbox 601 3749 757 3812; x_wconf 81' lang='lat' dir='ltr'><strong>dumtaxat</strong></span> <span class='ocrx_word' id='word_1_303' title='bbox 778 3771 840 3812; x_wconf 90' lang='lat' dir='ltr'><strong>uno</strong></span> <span class='ocrx_word' id='word_1_304' title='bbox 855 3749 978 3810; x_wconf 84' lang='lat' dir='ltr'><strong>milliari</strong></span> <span class='ocrx_word' id='word_1_305' title='bbox 988 3751 1115 3807; x_wconf 86' lang='lat' dir='ltr'><strong>Graeco.</strong></span> 
     </span>
    </p>
   </div>
   <div class='ocr_carea' id='block_1_5' title="bbox 1 3827 1225 3914">
    <p class='ocr_par' dir='ltr' id='par_1_16' title="bbox 1 3827 1225 3914">
     <span class='ocr_line' id='line_1_41' title="bbox 1 3827 1225 3914; baseline 0.001 -28"><span class='ocrx_word' id='word_1_306' title='bbox 1 3827 88 3890; x_wconf 77' lang='lat' dir='ltr'><strong>Ante</strong></span> <span class='ocrx_word' id='word_1_307' title='bbox 114 3851 212 3908; x_wconf 82' lang='lat' dir='ltr'><strong>vero,</strong></span> <span class='ocrx_word' id='word_1_308' title='bbox 226 3850 319 3910; x_wconf 84' lang='lat' dir='ltr'><strong>quam</strong></span> <span class='ocrx_word' id='word_1_309' title='bbox 339 3829 390 3890; x_wconf 90' lang='lat' dir='ltr'><strong>hio</strong></span> <span class='ocrx_word' id='word_1_310' title='bbox 409 3831 551 3892; x_wconf 84' lang='lat' dir='ltr'><strong>traiectus</strong></span> <span class='ocrx_word' id='word_1_311' title='bbox 571 3845 741 3914; x_wconf 86' lang='lat' dir='ltr'><strong>superetur,</strong></span> <span class='ocrx_word' id='word_1_312' title='bbox 755 3835 887 3894; x_wconf 76' lang='lat' dir='ltr'><strong>nocuerit</strong></span> <span class='ocrx_word' id='word_1_313' title='bbox 899 3834 932 3892; x_wconf 88' lang='lat' dir='ltr'><strong>in</strong></span> <span class='ocrx_word' id='word_1_314' title='bbox 945 3833 1016 3911; x_wconf 82' lang='lat' dir='ltr'><strong>ipsis</strong></span> <span class='ocrx_word' id='word_1_315' title='bbox 1028 3827 1115 3908; x_wconf 85' lang='lat' dir='ltr'><strong>aquis</strong></span> <span class='ocrx_word' id='word_1_316' title='bbox 1224 3875 1225 3879; x_wconf 65' lang='lat'><strong>,</strong></span> 
     </span>
    </p>
   </div>
   <div class='ocr_carea' id='block_1_6' title="bbox 1 3911 1117 4334">
    <p class='ocr_par' dir='ltr' id='par_1_17' title="bbox 1 3911 1117 4334">
     <span class='ocr_line' id='line_1_42' title="bbox 1 3911 1117 3996; baseline -0.003 -24"><span class='ocrx_word' id='word_1_317' title='bbox 1 3923 154 3976; x_wconf 75' lang='lat' dir='ltr'><strong>extructa</strong></span> <span class='ocrx_word' id='word_1_318' title='bbox 173 3913 332 3994; x_wconf 86' lang='lat' dir='ltr'><strong>quaedem</strong></span> <span class='ocrx_word' id='word_1_319' title='bbox 352 3935 405 3974; x_wconf 83' lang='lat' dir='ltr'><strong>arx</strong></span> <span class='ocrx_word' id='word_1_320' title='bbox 429 3935 533 3994; x_wconf 89' lang='lat' dir='ltr'><strong>parva,</strong></span> <span class='ocrx_word' id='word_1_321' title='bbox 548 3936 640 3996; x_wconf 86' lang='lat' dir='ltr'><strong>quam</strong></span> <span class='ocrx_word' id='word_1_322' title='bbox 662 3919 773 3976; x_wconf 85' lang='lat' dir='ltr'><strong>turrim</strong></span> <span class='ocrx_word' id='word_1_323' title='bbox 793 3917 985 3977; x_wconf 84' lang='lat' dir='ltr'><strong>Scutarinam</strong></span> <span class='ocrx_word' id='word_1_324' title='bbox 1006 3911 1117 3970; x_wconf 78' lang='lat' dir='ltr'><strong>Graeci</strong></span> 
     </span>
     <span class='ocr_line' id='line_1_43' title="bbox 1 3995 1116 4080; baseline -0.003 -24"><span class='ocrx_word' id='word_1_325' title='bbox 1 4009 145 4075; x_wconf 74' lang='lat' dir='ltr'><strong>vocant,</strong></span> <span class='ocrx_word' id='word_1_326' title='bbox 181 3997 283 4056; x_wconf 86' lang='lat' dir='ltr'><strong>Turci</strong></span> <span class='ocrx_word' id='word_1_327' title='bbox 306 3995 479 4072; x_wconf 83' lang='lat' dir='ltr'><strong>Kisoulom,</strong></span> <span class='ocrx_word' id='word_1_328' title='bbox 500 3995 641 4071; x_wconf 81' lang='lat' dir='ltr'><strong>honest,</strong></span> <span class='ocrx_word' id='word_1_329' title='bbox 676 4020 777 4060; x_wconf 73' lang='lat' dir='ltr'><strong>ornem</strong></span> <span class='ocrx_word' id='word_1_330' title='bbox 796 3999 932 4080; x_wconf 84' lang='lat' dir='ltr'><strong>virginis.</strong></span> <span class='ocrx_word' id='word_1_331' title='bbox 974 3997 1074 4064; x_wconf 81' lang='lat' dir='ltr'><strong>Distat</strong></span> <span class='ocrx_word' id='word_1_332' title='bbox 1096 4015 1116 4054; x_wconf 81' lang='lat' dir='ltr'><strong>a</strong></span> 
     </span>
     <span class='ocr_line' id='line_1_44' title="bbox 1 4078 1116 4163; baseline -0.002 -24"><span class='ocrx_word' id='word_1_333' title='bbox 1 4085 197 4142; x_wconf 84' lang='lat' dir='ltr'><strong>continente</strong></span> <span class='ocrx_word' id='word_1_334' title='bbox 227 4078 342 4141; x_wconf 82' lang='lat' dir='ltr'><strong>Asiana</strong></span> <span class='ocrx_word' id='word_1_335' title='bbox 369 4079 542 4140; x_wconf 85' lang='lat' dir='ltr'><strong>Scutarium</strong></span> <span class='ocrx_word' id='word_1_336' title='bbox 572 4091 696 4142; x_wconf 85' lang='lat' dir='ltr'><strong>eentum</strong></span> <span class='ocrx_word' id='word_1_337' title='bbox 727 4081 876 4163; x_wconf 84' lang='lat' dir='ltr'><strong>passibus.</strong></span> <span class='ocrx_word' id='word_1_338' title='bbox 916 4081 1034 4140; x_wconf 89' lang='lat' dir='ltr'><strong>Nomen</strong></span> <span class='ocrx_word' id='word_1_339' title='bbox 1057 4099 1116 4158; x_wconf 88' lang='lat' dir='ltr'><strong>op-</strong></span> 
     </span>
     <span class='ocr_line' id='line_1_45' title="bbox 1 4161 1116 4241; baseline 0 -19"><span class='ocrx_word' id='word_1_340' title='bbox 1 4164 73 4241; x_wconf 84' lang='lat' dir='ltr'><strong>pido</strong></span> <span class='ocrx_word' id='word_1_341' title='bbox 99 4166 223 4226; x_wconf 83' lang='lat' dir='ltr'><strong>vicino</strong></span> <span class='ocrx_word' id='word_1_342' title='bbox 246 4161 342 4236; x_wconf 89' lang='lat' dir='ltr'><strong>dedit,</strong></span> <span class='ocrx_word' id='word_1_343' title='bbox 365 4174 407 4223; x_wconf 91' lang='lat' dir='ltr'><strong>ut·</strong></span> <span class='ocrx_word' id='word_1_344' title='bbox 421 4163 453 4225; x_wconf 90' lang='lat' dir='ltr'><strong>id</strong></span> <span class='ocrx_word' id='word_1_345' title='bbox 465 4165 588 4225; x_wconf 80' lang='lat' dir='ltr'><strong>Graecis</strong></span> <span class='ocrx_word' id='word_1_346' title='bbox 611 4163 702 4228; x_wconf 88' lang='lat' dir='ltr'><strong>hodie</strong></span> <span class='ocrx_word' id='word_1_347' title='bbox 712 4166 897 4241; x_wconf 75' lang='lat' dir='ltr'><strong>scutarium,</strong></span> <span class='ocrx_word' id='word_1_348' title='bbox 912 4163 1022 4224; x_wconf 88' lang='lat' dir='ltr'><strong>Turcis</strong></span> <span class='ocrx_word' id='word_1_349' title='bbox 1033 4162 1116 4222; x_wconf 85' lang='lat' dir='ltr'><strong>lsoo-</strong></span> 
     </span>
     <span class='ocr_line' id='line_1_46' title="bbox 1 4243 1117 4334; baseline -0.002 -26"><span class='ocrx_word' id='word_1_350' title='bbox 1 4247 58 4312; x_wconf 81' lang='lat' dir='ltr'><strong>dor</strong></span> <span class='ocrx_word' id='word_1_351' title='bbox 82 4247 248 4310; x_wconf 83' lang='lat' dir='ltr'><strong>dicotur:</strong></span> <span class='ocrx_word' id='word_1_352' title='bbox 282 4243 356 4308; x_wconf 89' lang='lat' dir='ltr'><strong>olim</strong></span> <span class='ocrx_word' id='word_1_353' title='bbox 380 4268 442 4310; x_wconf 90' lang='lat' dir='ltr'><strong>non</strong></span> <span class='ocrx_word' id='word_1_354' title='bbox 479 4245 673 4328; x_wconf 83' lang='lat' dir='ltr'><strong>Chalcedon,</strong></span> <span class='ocrx_word' id='word_1_355' title='bbox 708 4261 742 4312; x_wconf 87' lang='lat' dir='ltr'><strong>ut</strong></span> <span class='ocrx_word' id='word_1_356' title='bbox 769 4247 895 4334; x_wconf 82' lang='lat' dir='ltr'><strong>quidum</strong></span> <span class='ocrx_word' id='word_1_357' title='bbox 921 4247 1034 4330; x_wconf 28' lang='lat' dir='ltr'><strong>mogoi-</strong></span> <span class='ocrx_word' id='word_1_358' title='bbox 1057 4246 1117 4307; x_wconf 84' lang='lat' dir='ltr'><strong>viri</strong></span> 
     </span>
    </p>
   </div>
   <div class='ocr_carea' id='block_1_7' title="bbox 0 0 1442 4944">
    <p class='ocr_par' dir='ltr' id='par_1_18' title="bbox 0 0 1442 4944">
     <span class='ocr_line' id='line_1_47' title="bbox 0 0 1442 4944; baseline 0 5"><span class='ocrx_word' id='word_1_359' title='bbox 0 0 1442 4944; x_wconf 95' lang='lat' dir='ltr'><strong> </strong></span> 
     </span>
    </p>
   </div>
  </div>
 </body>
</html>
