2874 4944
325 307 416 412 444
506 277 511 286 ’
707 311 1019 402 memores

323 494 479 555 omnium:
512 511 573 554 non
603 487 671 554 idco
702 490 777 555 falsa
804 489 909 574 religio
940 491 998 552 crit
1024 510 1116 570 vera,
1138 490 1193 555 rint
1212 493 1278 554 vera
1294 490 1369 566 lala,

322 597 394 637 cum
415 577 529 640 donum
552 575 611 638 hoc
631 575 730 638 eDco
747 597 811 638 non
826 573 1009 638 concedatur
1030 597 1067 637 eo
1091 575 1229 650 oonsilio,
1248 579 1370 636 nteriori

312 657 412 738 ¹iidem
428 657 579 738 conciliet,
598 657 680 742 quod
703 662 861 742 praecipue
883 657 954 719 indo
979 657 1166 742 colligimus,
1197 661 1267 740 quia
1291 658 1371 718 multis

322 743 430 804 seculis
452 753 614 826 antequam
635 740 768 822 Calviui,
784 743 838 804 siut
852 739 992 823 Lutheri,
1011 754 1065 804 aut
1085 741 1219 806 Winleth
1236 751 1308 803 secta
1327 762 1369 800 nr·

320 836 464 902 sceretur,
485 826 599 888 donum
621 824 679 886 hoc
701 845 876 888 concessum
901 823 959 886 lirit
979 827 1112 908 regibus,
1138 847 1216 908 qrros
1238 823 1374 886 catholicae

321 920 352 969 ct
366 909 522 980 Romanae
540 909 682 972 ecclesiae
704 909 935 972 studiosissimos
954 919 985 970 ct
1000 909 1275 973 observantissimos
1292 908 1373 980 luisse,

320 1011 361 1053 ne
388 993 443 1075 ipsi
461 991 594 1075 quidem,
612 995 666 1076 qui
682 1015 700 1055 a
716 1013 788 1056 vera
805 992 928 1054 eeclesia
949 991 1094 1067 defecere,
1121 992 1246 1054 inficiari
1260 1001 1373 1074 possum.

321 1075 393 1154 Quo
411 1078 503 1158 igitur
522 1077 581 1137 line
598 1077 681 1138 Deus
701 1077 775 1139 olim
791 1076 911 1160 regibus
929 1075 1085 1138 catholicis
1111 1076 1227 1138 donum
1245 1073 1299 1136 hoe
1317 1094 1374 1134 con·

321 1160 421 1239 cessit,
447 1160 553 1220 codem
568 1159 658 1232 durat
675 1161 786 1237 adhuc,
808 1164 834 1222 si
863 1159 955 1220 durat
975 1159 1055 1241 apud
1079 1159 1262 1232 haereticos,
1286 1177 1376 1237 nempe

319 1244 406 1303 utin
427 1242 606 1305 miserorum
627 1243 768 1306 solatium
787 1254 818 1304 et
839 1241 1006 1304 subsidium
1025 1243 1132 1304 cedat:
1150 1243 1237 1326 «quid
1255 1243 1279 1302 si
1300 1242 1377 1300 inte·

321 1327 499 1388 stimonium
522 1347 613 1388 verae
632 1338 663 1389 et
682 1325 848 1389 catholicae
860 1326 1022 1406 religionis,
1043 1329 1087 1387 ita
1100 1337 1137 1388 ut
1157 1325 1270 1388 inimici
1289 1325 1376 1392 nostri,

319 1405 390 1469 licet
413 1407 549 1472 nolentes
577 1419 607 1471 ct
629 1410 738 1490 iuviti,
771 1432 826 1494 pro
853 1408 943 1472 nobis
969 1411 1176 1472 testimoninm
1203 1409 1321 1470 dicant?
1354 1405 1378 1465 Si

320 1493 455 1553 enimin
479 1513 548 1554 eum
567 1493 659 1555 linem
682 1493 755 1556 olim
775 1495 859 1556 Deus
884 1493 998 1556 donum
1019 1494 1077 1556 hoc
1101 1494 1222 1576 regibus
1246 1493 1342 1574 pictate
1356 1499 1378 1548 ct

320 1573 488 1638 catholicae
507 1575 650 1639 ecclesiae
668 1578 769 1640 smdio
788 1576 1038 1640 excellentissimis
1058 1576 1184 1660 largitus
1205 1587 1270 1652 cst,
1295 1575 1379 1654 ntique

213 1732 217 1744 ι
320 1658 506 1722 eodemlinc
526 1659 585 1722 hoc
602 1661 694 1722 ctiam
713 1681 788 1724 aevo
810 1661 891 1744 apud
911 1681 973 1722 non
995 1660 1169 1737 catholicos,
1188 1656 1378 1722 eutholimus

318 1750 420 1803 tamen
443 1743 475 1803 in
495 1742 570 1804 solio
592 1764 787 1818 successores,
804 1755 995 1826 perseverat:
1019 1765 1119 1827 neque
1142 1745 1226 1806 enim
1247 1741 1326 1802 finem
1335 1743 1377 1797 ui-

208 1872 211 1878 .
319 1823 415 1886 raculi
437 1837 535 1888 mutat
553 1827 659 1901 Deus,
685 1838 721 1888 ut
744 1827 828 1911 quod
855 1839 943 1890 antea
967 1838 1031 1890 erat
1050 1845 1108 1910 pro
1132 1825 1304 1888 stabilienda
1324 1821 1377 1894 1114

250 1959 254 1968 ,
318 1909 358 1969 ait
380 1919 482 1990 postea
500 1931 556 1992 pro
574 1910 717 1993 perfidia3
738 1923 775 1972 ut
796 1911 924 1994 proinde
952 1911 1008 1994 ipsi
1031 1932 1085 1972 sua
1108 1913 1213 1973 vineta
1228 1907 1377 1970 medanta

320 1991 464 2053 adversus
489 2013 521 2054 se
540 1995 746 2056 testimonium
761 1994 871 2069 ferant,
892 2015 963 2056 cum
980 1993 1052 2056 talia
1076 2013 1171 2076 opera
1186 1994 1307 2068 faciunt,
1324 1989 1376 2071 pri·

318 2073 377 2136 bna
389 2075 562 2159 religionem
577 2082 725 2140 maiorum
734 2097 870 2156 suorum,
885 2088 1202 2161 quamaspernaotur,
1215 2075 1377 2138 confirmant

318 2156 459 2233 Verum,
478 2170 513 2220 ut
536 2162 616 2223 intra
641 2161 752 2224 lineam
776 2181 830 2224 nos
853 2164 1053 2245 recipiamus,
1081 2159 1222 2224 absimile
1245 2179 1311 2220 vcro
1333 2173 1378 2214 non

320 2251 387 2319 est,
409 2242 474 2302 fieri
492 2243 664 2323 interdum,
687 2248 805 2306 tametsi
826 2263 918 2324 rano,
942 2258 978 2308 ut
997 2256 1119 2312 a'recta
1149 2243 1290 2326 religione
1306 2237 1380 2300 alicui

319 2345 411 2406 opera
429 2325 577 2408 quaedam
605 2349 697 2411 supra
723 2339 850 2390 namrae
872 2331 952 2392 vires
970 2329 1078 2405 edant,
1103 2325 1154 2388 vel
1184 2335 1322 2408 potestate
1341 2341 1379 2382 ac·

319 2418 407 2490 cepta
426 2409 466 2470 ab
481 2408 592 2488 officio,
613 2415 666 2494 per
686 2413 901 2476 successionem
917 2423 970 2475 aut
989 2411 1167 2474 electionem
1180 2409 1304 2493 legitime
1317 2425 1380 2465 noo-

319 2502 450 2575 parato,
476 2494 525 2554 cui
544 2493 627 2556 Deus
657 2499 785 2578 gratiam
820 2497 954 2580 aliquam
981 2493 1162 2570 contulerit,
1191 2492 1240 2554 vel
1261 2486 1379 2578 peculiari

318 2586 402 2636 nutu·
416 2576 487 2653 Dei,
511 2576 672 2640 dividentis
686 2579 767 2641 'dona
788 2599 854 2657 sua,
870 2591 962 2662 prout
984 2578 1053 2640 vult
1071 2590 1101 2639 et
1117 2575 1232 2660 quibus
1249 2575 1323 2636 vult:
1339 2587 1380 2651 qut

319 2679 474 2743 nunquam
497 2669 598 2721 tamen
623 2663 665 2722 ita
690 2662 820 2741 dividit,
843 2675 878 2722 nt
902 2685 956 2745 per
976 2683 1012 2723 ea
1032 2682 1148 2744 pravae
1167 2661 1313 2720 doctrinae
1329 2657 1380 2714 rim

300 2743 475 2825 roburque
494 2743 610 2824 addat,
640 2756 696 2807 aut
728 2745 799 2806 addi
827 2745 927 2807 velita
969 2748 1046 2807 etsi
1076 2746 1145 2827 quis
1164 2742 1324 2804 baereticm
1339 2743 1379 2795 aut

319 2825 526 2904 schismaticus
546 2827 682 2905 diceret,
716 2827 832 2890 donum
851 2827 980 2890 faciendi
1010 2826 1157 2889 miraculo
1177 2827 1237 2887 sibi
1263 2823 1380 2885 diuuitut

318 2909 458 2992 obtigisse
469 2909 680 2983 adnhncrcseos
698 2923 752 2973 aut
770 2911 938 2974 schismatis
955 2912 1001 2975 sui
1020 2911 1289 2984 confirmationem,
1305 2900 1379 2986 (quod

319 2992 514 3056 calvinianus
536 2993 676 3056 Tooclrer
701 2995 740 3056 de
757 2994 936 3056 charismate
964 2994 1016 3056 illo
1036 2994 1163 3056 curandi
1178 3007 1302 3056 strumas
1322 2985 1381 3047 ridi·

319 3075 387 3138 culc
409 3077 502 3155 dicit)
536 3079 561 3138 is
585 3076 682 3158 nulli,
704 3079 763 3140 nisi
785 3079 956 3162 improvido
982 3089 1012 3139 et
1030 3077 1270 3152 inconsiderato,
1291 3071 1377 3134 enodi

318 3160 481 3222 discrimen
501 3173 642 3222 escaratz
666 3183 738 3223 nam
759 3163 784 3224 si
805 3163 874 3246 quis
895 3171 1026 3224 mentem
1050 3160 1098 3223 vel
1120 3160 1278 3242 paululum
1293 3155 1378 3216 adro·

318 3253 364 3304 tat
394 3265 458 3304 rem
480 3265 518 3305 uc
540 3247 709 3307 accuratius
734 3265 836 3307 secum
858 3245 1045 3328 perpendat,
1067 3265 1187 3325 semper
1207 3235 1379 3326 deprehurds

318 3265 492 3388 huiusmodi
511 3329 727 3392 miraculorum
750 3327 938 3392 effectionem
956 3328 999 3394 ad
1017 3326 1110 3388 alium
1130 3328 1231 3405 finem,
1252 3343 1330 3408 qrum
1345 3328 1378 3376 11·

318 3408 356 3471 lis
376 3410 464 3488 serat,
487 3411 611 3474 referri.-
633 3424 687 3473 aut
710 3415 736 3474 si
755 3412 946 3474 mendacium
972 3411 1142 3472 abstrusius
1158 3422 1232 3488 est,
1258 3425 1335 3490 quam
1353 3407 1378 3457 11

319 3493 399 3554 sacili
420 3496 542 3575 negotio
559 3495 599 3556 ad
623 3497 687 3558 eius
711 3495 824 3558 cubilia
840 3497 990 3580 pervemri
1015 3506 1119 3578 queat,
1147 3493 1188 3555 ad
1207 3511 1299 3576 preces
1318 3503 1377 3544 ⁰⁰¹¹·

318 3575 495 3659 fugiendum
520 3580 588 3652 erit,
612 3578 801 3662 petendaquc
821 3579 872 3640 lor
891 3601 910 3641 a
927 3581 1013 3658 Deo,
1037 3599 1074 3639 ue
1097 3579 1290 3657 impostomrn
1307 3565 1376 3629 sall*

317 3661 372 3723 ciis
386 3661 669 3727 circumveniamur.
710 3664 782 3741 Quo
801 3684 874 3725 casu
908 3663 1030 3724 divinae
1061 3659 1266 3743 providentiae
1288 3665 1377 3742 muru}

318 3755 373 3820 est,
392 3737 434 3804 'nt
453 3754 533 3806 recte
550 3745 639 3806 docet
654 3746 836 3808 Franciscus
854 3746 991 3822 Soareta,
1016 3765 1078 3806 non
1097 3747 1277 3825 permittere,
1292 3747 1323 3797 ut
1336 3751 1375 3812 (1¹¹¹

319 3827 469 3900 adhunc
496 3828 622 3890 modum
652 3850 684 3890 sc
707 3845 836 3914 suasque
864 3832 995 3890 rationes
1023 3829 1204 3908 componit,
1230 3822 1377 3902 decipiatur.

317 3911 399 3994 Lege
420 3913 607 3990 Soaretzium
628 3922 704 3976 tom.
731 3935 761 3980 a.
786 3915 818 3974 in
839 3913 868 3977 5.
888 3925 964 3994 part.
993 3911 1059 3974 divi
1081 3911 1244 3986 Thorace,
1261 3900 1377 3984 depr·

318 4005 389 4056 sect.
405 4016 442 4057 a.-
464 3996 521 4056 sub
540 3995 641 4062 finem.
683 3994 811 4057 Nullum
832 4017 927 4080 ergo,
948 3995 1029 4056 dicct
1058 3992 1189 4077 aliquis,
1210 3993 1245 4052 ad
1265 3985 1377 4074 probflflj

318 4076 389 4137 dam
405 4101 507 4140 veram
535 4079 704 4141 doctrinam
734 4101 769 4140 ex
804 4083 883 4143 veris
917 4078 1070 4140 miraculis
1096 4083 1377 4160 argumentaremur

270 4165 426 4240 ¹'potest
468 4163 534 4223 Non
552 4163 688 4245 sequitur
717 4165 843 4224 omnino
870 4161 1013 4239 nullum,
1038 4161 1094 4222 ¹aed
1116 4183 1178 4222 uon
1200 4155 1307 4221 omniuo
1333 4167 1377 4207 ⁰⁶·

319 4244 483 4307 cessarium
500 4248 578 4307 sumi
600 4267 704 4330 posse,
736 4249 837 4328 inquit
857 4247 984 4308 loannes
1013 4243 1207 4307 Maldonatua
1229 4245 1256 4302 in
1277 4229 1374 4316 capti
