<?xml version="1.0" encoding="UTF-8"?>
<!DOCTYPE html PUBLIC "-//W3C//DTD XHTML 1.0 Transitional//EN"
    "http://www.w3.org/TR/xhtml1/DTD/xhtml1-transitional.dtd">
<html xmlns="http://www.w3.org/1999/xhtml" xml:lang="en" lang="en">
 <head>
  <title>
</title>
<meta http-equiv="Content-Type" content="text/html;charset=utf-8" />
  <meta name='ocr-system' content='tesseract 3.04.00' />
  <meta name='ocr-capabilities' content='ocr_page ocr_carea ocr_par ocr_line ocrx_word'/>
</head>
<body>
  <div class='ocr_page' id='page_1' title='image "./ioanniscantacuz02niebgoog_0398.png"; bbox 0 0 2948 4932; ppageno 0'>
   <div class='ocr_carea' id='block_1_1' title="bbox 296 274 1151 406">
    <p class='ocr_par' dir='ltr' id='par_1_1' title="bbox 296 274 1151 406">
     <span class='ocr_line' id='line_1_1' title="bbox 296 274 1151 406; baseline -0.007 -42"><span class='ocrx_word' id='word_1_1' title='bbox 296 387 304 406; x_wconf 15' lang='grc' dir='ltr'>ἡ</span> <span class='ocrx_word' id='word_1_2' title='bbox 356 301 411 365; x_wconf 77' lang='lat' dir='ltr'><strong>sn</strong></span> <span class='ocrx_word' id='word_1_3' title='bbox 443 299 720 368; x_wconf 76' lang='lat' dir='ltr'><strong>murscuzsur</strong></span> <span class='ocrx_word' id='word_1_4' title='bbox 750 304 825 366; x_wconf 77' lang='lat' dir='ltr'><strong>uin.</strong></span> <span class='ocrx_word' id='word_1_5' title='bbox 847 305 872 364; x_wconf 91' lang='lat'><strong>1.</strong></span> <span class='ocrx_word' id='word_1_6' title='bbox 1072 274 1151 362; x_wconf 78' lang='lat'><strong>381</strong></span> 
     </span>
    </p>
   </div>
   <div class='ocr_carea' id='block_1_2' title="bbox 77 454 1202 1124">
    <p class='ocr_par' dir='ltr' id='par_1_2' title="bbox 77 454 1202 1124">
     <span class='ocr_line' id='line_1_2' title="bbox 81 454 1158 539; baseline 0.002 -23"><span class='ocrx_word' id='word_1_7' title='bbox 81 475 157 532; x_wconf 86' lang='lat' dir='ltr'><strong>nes,</strong></span> <span class='ocrx_word' id='word_1_8' title='bbox 180 457 232 538; x_wconf 80' lang='lat' dir='ltr'><strong>qni</strong></span> <span class='ocrx_word' id='word_1_9' title='bbox 252 455 294 516; x_wconf 88' lang='lat' dir='ltr'><strong>dli</strong></span> <span class='ocrx_word' id='word_1_10' title='bbox 313 475 376 516; x_wconf 90' lang='lat' dir='ltr'><strong>non</strong></span> <span class='ocrx_word' id='word_1_11' title='bbox 396 465 486 530; x_wconf 91' lang='lat' dir='ltr'><strong>sunt,</strong></span> <span class='ocrx_word' id='word_1_12' title='bbox 504 454 768 534; x_wconf 78' lang='lat' dir='ltr'><strong>accommodatur,</strong></span> <span class='ocrx_word' id='word_1_13' title='bbox 799 454 1001 539; x_wconf 85' lang='lat' dir='ltr'><strong>dicunturque</strong></span> <span class='ocrx_word' id='word_1_14' title='bbox 1020 475 1158 536; x_wconf 81' lang='grc' dir='ltr'><strong><em>προσκυ-</em></strong></span> 
     </span>
     <span class='ocr_line' id='line_1_3' title="bbox 81 539 1157 622; baseline 0.006 -24"><span class='ocrx_word' id='word_1_15' title='bbox 81 539 224 615; x_wconf 74' lang='grc' dir='ltr'><strong><em>νεῖσθαι,</em></strong></span> <span class='ocrx_word' id='word_1_16' title='bbox 249 539 394 616; x_wconf 68' lang='lat' dir='ltr'><strong>adami,</strong></span> <span class='ocrx_word' id='word_1_17' title='bbox 419 540 451 600; x_wconf 94' lang='lat' dir='ltr'><strong>id</strong></span> <span class='ocrx_word' id='word_1_18' title='bbox 470 549 515 602; x_wconf 90' lang='lat' dir='ltr'><strong>est</strong></span> <span class='ocrx_word' id='word_1_19' title='bbox 542 539 685 620; x_wconf 82' lang='lat' dir='ltr'><strong>singulari</strong></span> <span class='ocrx_word' id='word_1_20' title='bbox 707 539 837 622; x_wconf 81' lang='lat' dir='ltr'><strong>quedam</strong></span> <span class='ocrx_word' id='word_1_21' title='bbox 857 547 1069 619; x_wconf 85' lang='lat' dir='ltr'><strong>veneratione,</strong></span> <span class='ocrx_word' id='word_1_22' title='bbox 1089 563 1157 604; x_wconf 89' lang='lat' dir='ltr'><strong>cor-</strong></span> 
     </span>
     <span class='ocr_line' id='line_1_4' title="bbox 78 622 1155 706; baseline 0.006 -24"><span class='ocrx_word' id='word_1_23' title='bbox 78 643 152 702; x_wconf 78' lang='lat' dir='ltr'><strong>pore</strong></span> <span class='ocrx_word' id='word_1_24' title='bbox 177 622 216 682; x_wconf 86' lang='lat' dir='ltr'><strong>nd</strong></span> <span class='ocrx_word' id='word_1_25' title='bbox 247 633 360 684; x_wconf 85' lang='lat' dir='ltr'><strong>terram</strong></span> <span class='ocrx_word' id='word_1_26' title='bbox 380 623 550 703; x_wconf 80' lang='lat' dir='ltr'><strong>incurvato,</strong></span> <span class='ocrx_word' id='word_1_27' title='bbox 569 623 660 682; x_wconf 82' lang='lat' dir='ltr'><strong>allici.</strong></span> <span class='ocrx_word' id='word_1_28' title='bbox 704 623 858 683; x_wconf 63' lang='lat' dir='ltr'><strong>dunmmsi</strong></span> <span class='ocrx_word' id='word_1_29' title='bbox 876 626 1004 706; x_wconf 75' lang='lat' dir='ltr'><strong>petinam</strong></span> <span class='ocrx_word' id='word_1_30' title='bbox 1026 638 1155 703; x_wconf 78' lang='lat' dir='ltr'><strong>terram,</strong></span> 
     </span>
     <span class='ocr_line' id='line_1_5' title="bbox 78 705 1155 788; baseline 0.002 -22"><span class='ocrx_word' id='word_1_31' title='bbox 78 707 179 788; x_wconf 91' lang='lat' dir='ltr'><strong>inquit</strong></span> <span class='ocrx_word' id='word_1_32' title='bbox 197 705 316 768; x_wconf 79' lang='lat' dir='ltr'>Aeneas</span> <span class='ocrx_word' id='word_1_33' title='bbox 336 707 367 768; x_wconf 77' lang='grc'><strong>5.</strong></span> <span class='ocrx_word' id='word_1_34' title='bbox 392 706 518 774; x_wconf 83' lang='lat' dir='ltr'><strong>Aeneid,</strong></span> <span class='ocrx_word' id='word_1_35' title='bbox 559 706 659 784; x_wconf 85' lang='lat' dir='ltr'><strong>Quem</strong></span> <span class='ocrx_word' id='word_1_36' title='bbox 677 705 823 768; x_wconf 82' lang='lat' dir='ltr'><strong>adorandi</strong></span> <span class='ocrx_word' id='word_1_37' title='bbox 844 705 967 773; x_wconf 89' lang='lat' dir='ltr'><strong>modum</strong></span> <span class='ocrx_word' id='word_1_38' title='bbox 989 717 1020 770; x_wconf 91' lang='lat' dir='ltr'><strong>et</strong></span> <span class='ocrx_word' id='word_1_39' title='bbox 1039 719 1155 788; x_wconf 82' lang='lat' dir='ltr'><strong>gestum</strong></span> 
     </span>
     <span class='ocr_line' id='line_1_6' title="bbox 77 787 1202 871; baseline 0.003 -21"><span class='ocrx_word' id='word_1_40' title='bbox 77 790 222 870; x_wconf 74' lang='lat' dir='ltr'><strong>expressit</strong></span> <span class='ocrx_word' id='word_1_41' title='bbox 253 789 457 871; x_wconf 81' lang='lat' dir='ltr'><strong>pulcherrime</strong></span> <span class='ocrx_word' id='word_1_42' title='bbox 492 788 724 866; x_wconf 86' lang='lat' dir='ltr'><strong>Themistocles,</strong></span> <span class='ocrx_word' id='word_1_43' title='bbox 752 787 825 850; x_wconf 89' lang='lat' dir='ltr'><strong>durn</strong></span> <span class='ocrx_word' id='word_1_44' title='bbox 861 809 962 871; x_wconf 85' lang='lat' dir='ltr'><strong>regem</strong></span> <span class='ocrx_word' id='word_1_45' title='bbox 994 789 1156 854; x_wconf 80' lang='lat' dir='ltr'><strong>Persarum</strong></span> <span class='ocrx_word' id='word_1_46' title='bbox 1197 803 1202 812; x_wconf 85' lang='lat'>&#39;</span> 
     </span>
     <span class='ocr_line' id='line_1_7' title="bbox 77 871 1154 956; baseline 0.004 -24"><span class='ocrx_word' id='word_1_47' title='bbox 77 895 135 956; x_wconf 87' lang='lat' dir='ltr'><strong>per</strong></span> <span class='ocrx_word' id='word_1_48' title='bbox 157 871 378 934; x_wconf 77' lang='lat' dir='ltr'><strong>simulationem</strong></span> <span class='ocrx_word' id='word_1_49' title='bbox 398 873 547 934; x_wconf 79' lang='lat' dir='ltr'><strong>adoravit.</strong></span> <span class='ocrx_word' id='word_1_50' title='bbox 587 871 746 934; x_wconf 83' lang='lat' dir='ltr'><strong>Annulum</strong></span> <span class='ocrx_word' id='word_1_51' title='bbox 768 874 849 932; x_wconf 86' lang='lat' dir='ltr'><strong>enirn</strong></span> <span class='ocrx_word' id='word_1_52' title='bbox 870 874 977 950; x_wconf 78' lang='lat' dir='ltr'><strong>eadere</strong></span> <span class='ocrx_word' id='word_1_53' title='bbox 997 877 1154 955; x_wconf 81' lang='lat' dir='ltr'><strong>permisit:</strong></span> 
     </span>
     <span class='ocr_line' id='line_1_8' title="bbox 99 955 1157 1040; baseline 0.004 -25"><span class='ocrx_word' id='word_1_54' title='bbox 99 975 168 1016; x_wconf 89' lang='lat' dir='ltr'><strong>uem</strong></span> <span class='ocrx_word' id='word_1_55' title='bbox 200 977 269 1017; x_wconf 87' lang='lat' dir='ltr'><strong>eum</strong></span> <span class='ocrx_word' id='word_1_56' title='bbox 290 977 322 1018; x_wconf 90' lang='lat' dir='ltr'><strong>se</strong></span> <span class='ocrx_word' id='word_1_57' title='bbox 344 956 492 1018; x_wconf 83' lang='lat' dir='ltr'><strong>inclinans</strong></span> <span class='ocrx_word' id='word_1_58' title='bbox 521 955 667 1030; x_wconf 79' lang='lat' dir='ltr'><strong>levasset,</strong></span> <span class='ocrx_word' id='word_1_59' title='bbox 698 959 779 1018; x_wconf 88' lang='lat' dir='ltr'><strong>visus</strong></span> <span class='ocrx_word' id='word_1_60' title='bbox 800 966 844 1017; x_wconf 87' lang='lat' dir='ltr'><strong>est</strong></span> <span class='ocrx_word' id='word_1_61' title='bbox 864 977 919 1018; x_wconf 88' lang='lat' dir='ltr'><strong>suo</strong></span> <span class='ocrx_word' id='word_1_62' title='bbox 939 977 1065 1020; x_wconf 88' lang='lat' dir='ltr'><strong>munere</strong></span> <span class='ocrx_word' id='word_1_63' title='bbox 1087 979 1157 1040; x_wconf 54' lang='lat' dir='ltr'><strong>pera</strong></span> 
     </span>
     <span class='ocr_line' id='line_1_9' title="bbox 77 981 1156 1124; baseline 0.003 -24"><span class='ocrx_word' id='word_1_64' title='bbox 77 981 209 1103; x_wconf 71' lang='lat' dir='ltr'><strong>lluncius.</strong></span> <span class='ocrx_word' id='word_1_65' title='bbox 249 1039 361 1102; x_wconf 78' lang='lat' dir='ltr'><strong>Noster</strong></span> <span class='ocrx_word' id='word_1_66' title='bbox 380 1061 501 1124; x_wconf 88' lang='lat' dir='ltr'><strong>quoque</strong></span> <span class='ocrx_word' id='word_1_67' title='bbox 523 1042 594 1102; x_wconf 84' lang='lat' dir='ltr'><strong>satis</strong></span> <span class='ocrx_word' id='word_1_68' title='bbox 617 1039 697 1102; x_wconf 88' lang='lat' dir='ltr'><strong>clare</strong></span> <span class='ocrx_word' id='word_1_69' title='bbox 720 1036 797 1100; x_wconf 87' lang='lat' dir='ltr'><strong>libro</strong></span> <span class='ocrx_word' id='word_1_70' title='bbox 821 1061 851 1100; x_wconf 84' lang='lat' dir='ltr'><strong>u.</strong></span> <span class='ocrx_word' id='word_1_71' title='bbox 873 1061 938 1122; x_wconf 83' lang='lat' dir='ltr'><strong>cap.</strong></span> <span class='ocrx_word' id='word_1_72' title='bbox 952 1043 999 1118; x_wconf 86' lang='lat'><strong>5.,</strong></span> <span class='ocrx_word' id='word_1_73' title='bbox 1020 1041 1072 1101; x_wconf 90' lang='lat' dir='ltr'><strong>ubi</strong></span> <span class='ocrx_word' id='word_1_74' title='bbox 1093 1043 1156 1103; x_wconf 83' lang='lat' dir='ltr'><strong>Ts-</strong></span> 
     </span>
    </p>
   </div>
   <div class='ocr_carea' id='block_1_3' title="bbox 76 1123 1288 1221">
    <p class='ocr_par' dir='ltr' id='par_1_3' title="bbox 76 1123 1288 1221">
     <span class='ocr_line' id='line_1_10' title="bbox 76 1123 1288 1221; baseline 0.002 -36"><span class='ocrx_word' id='word_1_75' title='bbox 76 1123 266 1200; x_wconf 69' lang='lat' dir='ltr'><strong>memnones,</strong></span> <span class='ocrx_word' id='word_1_76' title='bbox 281 1124 328 1184; x_wconf 88' lang='lat' dir='ltr'><strong>Ph</strong></span> <span class='ocrx_word' id='word_1_77' title='bbox 366 1127 582 1206; x_wconf 64' lang='lat' dir='ltr'><strong>glocestram,</strong></span> <span class='ocrx_word' id='word_1_78' title='bbox 601 1124 639 1184; x_wconf 90' lang='lat' dir='ltr'><strong>ad</strong></span> <span class='ocrx_word' id='word_1_79' title='bbox 660 1127 869 1221; x_wconf 57' lang='lat' dir='ltr'><strong>impertitorem</strong></span> <span class='ocrx_word' id='word_1_80' title='bbox 890 1126 986 1184; x_wconf 84' lang='lat' dir='ltr'><strong>venit.</strong></span> <span class='ocrx_word' id='word_1_81' title='bbox 1026 1123 1154 1188; x_wconf 83' lang='lat' dir='ltr'><strong>Numde</strong></span> <span class='ocrx_word' id='word_1_82' title='bbox 1278 1135 1288 1164; x_wconf 68' lang='lat' dir='ltr'><strong>t</strong></span> 
     </span>
    </p>
   </div>
   <div class='ocr_carea' id='block_1_4' title="bbox 63 1193 1182 2044">
    <p class='ocr_par' dir='ltr' id='par_1_4' title="bbox 67 1193 1182 1608">
     <span class='ocr_line' id='line_1_11' title="bbox 76 1193 1155 1286; baseline -0.005 -18"><span class='ocrx_word' id='word_1_83' title='bbox 76 1210 142 1269; x_wconf 89' lang='lat' dir='ltr'><strong>eius</strong></span> <span class='ocrx_word' id='word_1_84' title='bbox 162 1205 321 1268; x_wconf 88' lang='lat' dir='ltr'><strong>comitibus</strong></span> <span class='ocrx_word' id='word_1_85' title='bbox 368 1209 464 1286; x_wconf 88' lang='lat' dir='ltr'><strong>ersis,</strong></span> <span class='ocrx_word' id='word_1_86' title='bbox 487 1202 516 1268; x_wconf 80' lang='grc' dir='ltr'><strong>οἱ</strong></span> <span class='ocrx_word' id='word_1_87' title='bbox 533 1206 593 1286; x_wconf 85' lang='grc' dir='ltr'><strong>μὲν</strong></span> <span class='ocrx_word' id='word_1_88' title='bbox 613 1197 704 1268; x_wconf 77' lang='grc' dir='ltr'><strong><em>ἄλλοι</em></strong></span> <span class='ocrx_word' id='word_1_89' title='bbox 722 1225 836 1277; x_wconf 76' lang='grc' dir='ltr'><strong><em>σαντες</em></strong></span> <span class='ocrx_word' id='word_1_90' title='bbox 867 1193 995 1267; x_wconf 69' lang='grc' dir='ltr'><strong><em>ἔσωθεν</em></strong></span> <span class='ocrx_word' id='word_1_91' title='bbox 1022 1201 1074 1268; x_wconf 79' lang='grc' dir='ltr'><strong>τὸν</strong></span> <span class='ocrx_word' id='word_1_92' title='bbox 1094 1209 1155 1285; x_wconf 83' lang='grc' dir='ltr'><strong>βα.</strong></span> 
     </span>
     <span class='ocr_line' id='line_1_12' title="bbox 74 1282 1154 1372; baseline 0.001 -22"><span class='ocrx_word' id='word_1_93' title='bbox 74 1290 165 1351; x_wconf 69' lang='lat' dir='ltr'><strong>caldo</strong></span> <span class='ocrx_word' id='word_1_94' title='bbox 199 1285 426 1370; x_wconf 73' lang='grc' dir='ltr'><strong>προσεκύνουν,</strong></span> <span class='ocrx_word' id='word_1_95' title='bbox 454 1284 514 1361; x_wconf 80' lang='grc' dir='ltr'><strong><em>τοὶς</em></strong></span> <span class='ocrx_word' id='word_1_96' title='bbox 540 1283 681 1372; x_wconf 75' lang='grc' dir='ltr'><strong><em>κεφαλὰς</em></strong></span> <span class='ocrx_word' id='word_1_97' title='bbox 713 1283 887 1368; x_wconf 75' lang='grc' dir='ltr'><strong><em>ἐρείσαντες</em></strong></span> <span class='ocrx_word' id='word_1_98' title='bbox 916 1283 972 1350; x_wconf 79' lang='grc' dir='ltr'><strong>δαί</strong></span> <span class='ocrx_word' id='word_1_99' title='bbox 996 1282 1052 1368; x_wconf 70' lang='grc' dir='ltr'><strong>τὴν</strong></span> <span class='ocrx_word' id='word_1_100' title='bbox 1085 1291 1154 1368; x_wconf 79' lang='grc' dir='ltr'><strong>γῆν.</strong></span> 
     </span>
     <span class='ocr_line' id='line_1_13' title="bbox 69 1371 1182 1454; baseline -0.003 -20"><span class='ocrx_word' id='word_1_101' title='bbox 69 1374 135 1436; x_wconf 86' lang='lat' dir='ltr'><strong>lsta</strong></span> <span class='ocrx_word' id='word_1_102' title='bbox 154 1371 289 1435; x_wconf 84' lang='lat' dir='ltr'><strong>adoratio</strong></span> <span class='ocrx_word' id='word_1_103' title='bbox 319 1375 409 1436; x_wconf 85' lang='lat' dir='ltr'><strong>etiam</strong></span> <span class='ocrx_word' id='word_1_104' title='bbox 440 1372 531 1434; x_wconf 89' lang='lat' dir='ltr'><strong>bodie</strong></span> <span class='ocrx_word' id='word_1_105' title='bbox 553 1372 689 1434; x_wconf 85' lang='lat' dir='ltr'><strong>barbaris</strong></span> <span class='ocrx_word' id='word_1_106' title='bbox 716 1374 747 1433; x_wconf 92' lang='lat' dir='ltr'><strong>in</strong></span> <span class='ocrx_word' id='word_1_107' title='bbox 768 1382 927 1438; x_wconf 87' lang='lat' dir='ltr'><strong>moreest</strong></span> <span class='ocrx_word' id='word_1_108' title='bbox 968 1373 1037 1434; x_wconf 82' lang='lat' dir='ltr'><strong>Non</strong></span> <span class='ocrx_word' id='word_1_109' title='bbox 1061 1373 1152 1454; x_wconf 88' lang='lat' dir='ltr'><strong>igitur</strong></span> <span class='ocrx_word' id='word_1_110' title='bbox 1176 1423 1182 1432; x_wconf 94' lang='lat'><em>.</em></span> 
     </span>
     <span class='ocr_line' id='line_1_14' title="bbox 70 1457 1152 1544; baseline 0.003 -28"><span class='ocrx_word' id='word_1_111' title='bbox 70 1457 204 1522; x_wconf 82' lang='lat' dir='ltr'><strong>verebor</strong></span> <span class='ocrx_word' id='word_1_112' title='bbox 223 1462 409 1540; x_wconf 73' lang='grc' dir='ltr'><em>προσκυνεῖν</em></span> <span class='ocrx_word' id='word_1_113' title='bbox 439 1477 587 1544; x_wconf 81' lang='lat' dir='ltr'><strong>exponere</strong></span> <span class='ocrx_word' id='word_1_114' title='bbox 616 1457 766 1538; x_wconf 66' lang='lat' dir='ltr'><strong>adoram,</strong></span> <span class='ocrx_word' id='word_1_115' title='bbox 788 1475 859 1521; x_wconf 82' lang='lat' dir='ltr'><strong>cum</strong></span> <span class='ocrx_word' id='word_1_116' title='bbox 886 1477 934 1519; x_wconf 88' lang='lat' dir='ltr'><strong>res</strong></span> <span class='ocrx_word' id='word_1_117' title='bbox 957 1466 1021 1520; x_wconf 84' lang='lat' dir='ltr'><strong>tam</strong></span> <span class='ocrx_word' id='word_1_118' title='bbox 1048 1467 1152 1542; x_wconf 80' lang='lat' dir='ltr'><strong>aperte</strong></span> 
     </span>
     <span class='ocr_line' id='line_1_15' title="bbox 67 1544 290 1608; baseline 0.018 -4"><span class='ocrx_word' id='word_1_119' title='bbox 67 1544 120 1606; x_wconf 88' lang='lat' dir='ltr'><strong>sit.</strong></span> <span class='ocrx_word' id='word_1_120' title='bbox 160 1561 290 1608; x_wconf 79' lang='lat' dir='ltr'><strong>rorrsn.</strong></span> 
     </span>
    </p>

    <p class='ocr_par' dir='ltr' id='par_1_5' title="bbox 155 1619 723 1711">
     <span class='ocr_line' id='line_1_16' title="bbox 155 1619 723 1711; baseline 0 -21"><span class='ocrx_word' id='word_1_121' title='bbox 155 1627 235 1708; x_wconf 74' lang='lat' dir='ltr'><strong>Pag.</strong></span> <span class='ocrx_word' id='word_1_122' title='bbox 257 1647 309 1702; x_wconf 75' lang='lat' dir='ltr'><strong>aa,</strong></span> <span class='ocrx_word' id='word_1_123' title='bbox 337 1647 363 1690; x_wconf 87' lang='lat' dir='ltr'><strong>s.</strong></span> <span class='ocrx_word' id='word_1_124' title='bbox 385 1619 577 1711; x_wconf 77' lang='grc' dir='ltr'><em>πραγμάτων</em></span> <span class='ocrx_word' id='word_1_125' title='bbox 596 1647 656 1694; x_wconf 88' lang='lat' dir='ltr'><strong>nm.</strong></span> <span class='ocrx_word' id='word_1_126' title='bbox 677 1627 723 1690; x_wconf 89' lang='grc' dir='ltr'><strong>Μ.</strong></span> 
     </span>
    </p>

    <p class='ocr_par' dir='ltr' id='par_1_6' title="bbox 154 1707 700 1791">
     <span class='ocr_line' id='line_1_17' title="bbox 154 1707 700 1791; baseline 0.016 -21"><span class='ocrx_word' id='word_1_127' title='bbox 154 1708 234 1791; x_wconf 78' lang='lat' dir='ltr'><strong>Peg.</strong></span> <span class='ocrx_word' id='word_1_128' title='bbox 261 1731 312 1789; x_wconf 83' lang='lat' dir='ltr'><strong>ua,</strong></span> <span class='ocrx_word' id='word_1_129' title='bbox 333 1711 366 1773; x_wconf 88' lang='lat'><strong>6.</strong></span> <span class='ocrx_word' id='word_1_130' title='bbox 389 1707 635 1775; x_wconf 72' lang='grc' dir='ltr'><strong><em>κινδυνεύσαντα</em></strong></span> <span class='ocrx_word' id='word_1_131' title='bbox 655 1713 700 1780; x_wconf 87' lang='grc' dir='ltr'><strong>Μ.</strong></span> 
     </span>
    </p>

    <p class='ocr_par' dir='ltr' id='par_1_7' title="bbox 153 1789 514 1875">
     <span class='ocr_line' id='line_1_18' title="bbox 153 1789 514 1875; baseline 0.014 -19"><span class='ocrx_word' id='word_1_132' title='bbox 153 1791 232 1875; x_wconf 81' lang='lat' dir='ltr'><strong>Png.</strong></span> <span class='ocrx_word' id='word_1_133' title='bbox 257 1814 310 1871; x_wconf 80' lang='lat' dir='ltr'><strong>ns,</strong></span> <span class='ocrx_word' id='word_1_134' title='bbox 332 1793 365 1856; x_wconf 88' lang='grc'><strong>8.</strong></span> <span class='ocrx_word' id='word_1_135' title='bbox 388 1789 449 1871; x_wconf 74' lang='grc' dir='ltr'><strong>ἔξω</strong></span> <span class='ocrx_word' id='word_1_136' title='bbox 470 1797 514 1862; x_wconf 88' lang='grc' dir='ltr'><strong>Μ.</strong></span> 
     </span>
    </p>

    <p class='ocr_par' dir='ltr' id='par_1_8' title="bbox 63 1875 1152 2044">
     <span class='ocr_line' id='line_1_19' title="bbox 151 1875 1151 1965; baseline 0.001 -28"><span class='ocrx_word' id='word_1_137' title='bbox 151 1875 231 1960; x_wconf 82' lang='lat' dir='ltr'><strong>Pag.</strong></span> <span class='ocrx_word' id='word_1_138' title='bbox 256 1877 307 1956; x_wconf 77' lang='lat'><strong>25,</strong></span> <span class='ocrx_word' id='word_1_139' title='bbox 330 1876 362 1939; x_wconf 80' lang='grc'><strong>6.</strong></span> <span class='ocrx_word' id='word_1_140' title='bbox 386 1892 554 1942; x_wconf 80' lang='lat' dir='ltr'><strong>nostru</strong></span> <span class='ocrx_word' id='word_1_141' title='bbox 577 1879 951 1965; x_wconf 80' lang='lat' dir='ltr'><strong>Romanorumque</strong></span> <span class='ocrx_word' id='word_1_142' title='bbox 979 1878 1151 1940; x_wconf 85' lang='lat' dir='ltr'><strong>omniurn</strong></span> 
     </span>
     <span class='ocr_line' id='line_1_20' title="bbox 63 1959 1152 2044; baseline -0.002 -22"><span class='ocrx_word' id='word_1_143' title='bbox 63 1959 177 2022; x_wconf 84' lang='lat' dir='ltr'><strong>admi</strong></span> <span class='ocrx_word' id='word_1_144' title='bbox 185 1981 262 2027; x_wconf 87' lang='lat' dir='ltr'><strong>ssa.</strong></span> <span class='ocrx_word' id='word_1_145' title='bbox 314 1959 371 2022; x_wconf 82' lang='lat' dir='ltr'><strong>&#39;Ad</strong></span> <span class='ocrx_word' id='word_1_146' title='bbox 398 1959 499 2026; x_wconf 88' lang='lat' dir='ltr'><strong>locum</strong></span> <span class='ocrx_word' id='word_1_147' title='bbox 540 1962 630 2024; x_wconf 86' lang='lat' dir='ltr'><strong>Peuli</strong></span> <span class='ocrx_word' id='word_1_148' title='bbox 669 1961 777 2025; x_wconf 83' lang='lat' dir='ltr'><strong>alludit</strong></span> <span class='ocrx_word' id='word_1_149' title='bbox 816 1964 920 2029; x_wconf 84' lang='lat' dir='ltr'><strong>Actor.</strong></span> <span class='ocrx_word' id='word_1_150' title='bbox 945 1980 993 2044; x_wconf 81' lang='lat'><strong>17.</strong></span> <span class='ocrx_word' id='word_1_151' title='bbox 1019 1963 1050 2022; x_wconf 91' lang='lat' dir='ltr'><strong>in</strong></span> <span class='ocrx_word' id='word_1_152' title='bbox 1076 1981 1152 2022; x_wconf 76' lang='grc' dir='ltr'><strong><em>σου·</em></strong></span> 
     </span>
    </p>
   </div>
   <div class='ocr_carea' id='block_1_5' title="bbox 62 2035 1263 2142">
    <p class='ocr_par' dir='ltr' id='par_1_9' title="bbox 62 2035 1263 2142">
     <span class='ocr_line' id='line_1_21' title="bbox 62 2035 1263 2142; baseline 0 -38"><span class='ocrx_word' id='word_1_153' title='bbox 62 2048 155 2106; x_wconf 86' lang='lat' dir='ltr'><strong>eione</strong></span> <span class='ocrx_word' id='word_1_154' title='bbox 186 2043 226 2106; x_wconf 88' lang='lat' dir='ltr'><strong>ad</strong></span> <span class='ocrx_word' id='word_1_155' title='bbox 245 2044 469 2128; x_wconf 74' lang='lat' dir='ltr'><strong>Areopagitase</strong></span> <span class='ocrx_word' id='word_1_156' title='bbox 504 2040 580 2117; x_wconf 76' lang='grc' dir='ltr'><strong>τούς</strong></span> <span class='ocrx_word' id='word_1_157' title='bbox 610 2043 670 2123; x_wconf 82' lang='grc' dir='ltr'><strong>μὲν</strong></span> <span class='ocrx_word' id='word_1_158' title='bbox 701 2037 759 2107; x_wconf 76' lang='grc' dir='ltr'><strong>σίν</strong></span> <span class='ocrx_word' id='word_1_159' title='bbox 776 2123 783 2142; x_wconf 35' lang='grc' dir='ltr'>ι</span> <span class='ocrx_word' id='word_1_160' title='bbox 787 2045 926 2126; x_wconf 77' lang='grc' dir='ltr'><strong><em>χρόνους</em></strong></span> <span class='ocrx_word' id='word_1_161' title='bbox 950 2044 1006 2124; x_wconf 77' lang='grc' dir='ltr'><strong>τῆς</strong></span> <span class='ocrx_word' id='word_1_162' title='bbox 1026 2035 1151 2123; x_wconf 68' lang='lat' dir='ltr'><strong>drusius</strong></span> <span class='ocrx_word' id='word_1_163' title='bbox 1258 2093 1263 2104; x_wconf 89' lang='lat'>.</span> 
     </span>
    </p>
   </div>
   <div class='ocr_carea' id='block_1_6' title="bbox 59 2120 1152 2228">
    <p class='ocr_par' dir='ltr' id='par_1_10' title="bbox 59 2120 1152 2228">
     <span class='ocr_line' id='line_1_22' title="bbox 59 2120 1152 2228; baseline -0.002 -40"><span class='ocrx_word' id='word_1_164' title='bbox 59 2121 226 2204; x_wconf 66' lang='grc' dir='ltr'><strong><em>ὑπεριδών</em></strong></span> <span class='ocrx_word' id='word_1_165' title='bbox 246 2120 263 2187; x_wconf 87' lang='lat' dir='ltr'><strong>o‘</strong></span> <span class='ocrx_word' id='word_1_166' title='bbox 284 2121 369 2200; x_wconf 77' lang='grc' dir='ltr'><strong>θεός.</strong></span> <span class='ocrx_word' id='word_1_167' title='bbox 411 2129 575 2228; x_wconf 67' lang='lat' dir='ltr'><strong>Subiungit</strong></span> <span class='ocrx_word' id='word_1_168' title='bbox 594 2139 718 2207; x_wconf 85' lang='lat' dir='ltr'><strong>noster,</strong></span> <span class='ocrx_word' id='word_1_169' title='bbox 748 2150 804 2209; x_wconf 80' lang='grc' dir='ltr'><strong>την</strong></span> <span class='ocrx_word' id='word_1_170' title='bbox 823 2125 957 2210; x_wconf 76' lang='grc' dir='ltr'><strong><em>καρδίαν</em></strong></span> <span class='ocrx_word' id='word_1_171' title='bbox 976 2125 1031 2188; x_wconf 76' lang='grc' dir='ltr'><strong>τοῦ</strong></span> <span class='ocrx_word' id='word_1_172' title='bbox 1057 2129 1152 2205; x_wconf 80' lang='grc' dir='ltr'><strong><em>βασι-</em></strong></span> 
     </span>
    </p>
   </div>
   <div class='ocr_carea' id='block_1_7' title="bbox 59 2207 1251 2290">
    <p class='ocr_par' dir='ltr' id='par_1_11' title="bbox 59 2207 1251 2290">
     <span class='ocr_line' id='line_1_23' title="bbox 59 2207 1251 2290; baseline -0.014 -7"><span class='ocrx_word' id='word_1_173' title='bbox 59 2211 144 2282; x_wconf 63' lang='grc' dir='ltr'><em>λέως</em></span> <span class='ocrx_word' id='word_1_174' title='bbox 164 2207 296 2272; x_wconf 60' lang='lat' dir='ltr'><strong>edures</strong></span> <span class='ocrx_word' id='word_1_175' title='bbox 317 2209 591 2290; x_wconf 77' lang='grc' dir='ltr'><strong><em>ἀπεργασσμενος,</em></strong></span> <span class='ocrx_word' id='word_1_176' title='bbox 613 2211 667 2273; x_wconf 90' lang='lat' dir='ltr'><strong>ubi</strong></span> <span class='ocrx_word' id='word_1_177' title='bbox 688 2211 782 2273; x_wconf 86' lang='lat' dir='ltr'><strong>aliurn</strong></span> <span class='ocrx_word' id='word_1_178' title='bbox 803 2210 902 2272; x_wconf 89' lang='lat' dir='ltr'><strong>locum</strong></span> <span class='ocrx_word' id='word_1_179' title='bbox 925 2213 957 2269; x_wconf 88' lang='lat' dir='ltr'><strong>in</strong></span> <span class='ocrx_word' id='word_1_180' title='bbox 970 2221 1072 2272; x_wconf 88' lang='lat' dir='ltr'><strong>mente</strong></span> <span class='ocrx_word' id='word_1_181' title='bbox 1094 2207 1151 2268; x_wconf 84' lang='lat' dir='ltr'><strong>bn·</strong></span> <span class='ocrx_word' id='word_1_182' title='bbox 1247 2217 1251 2230; x_wconf 95' lang='lat'><em>&#39;</em></span> 
     </span>
    </p>
   </div>
   <div class='ocr_carea' id='block_1_8' title="bbox 50 2289 1173 3376">
    <p class='ocr_par' dir='ltr' id='par_1_12' title="bbox 56 2289 1151 2960">
     <span class='ocr_line' id='line_1_24' title="bbox 59 2289 1150 2368; baseline -0.002 -14"><span class='ocrx_word' id='word_1_183' title='bbox 59 2294 154 2368; x_wconf 86' lang='lat' dir='ltr'><strong>buit,</strong></span> <span class='ocrx_word' id='word_1_184' title='bbox 208 2295 238 2354; x_wconf 91' lang='lat' dir='ltr'><strong>ui</strong></span> <span class='ocrx_word' id='word_1_185' title='bbox 266 2305 312 2357; x_wconf 90' lang='lat' dir='ltr'><strong>est</strong></span> <span class='ocrx_word' id='word_1_186' title='bbox 331 2294 435 2359; x_wconf 84' lang='lat' dir='ltr'><strong>Actor.</strong></span> <span class='ocrx_word' id='word_1_187' title='bbox 447 2295 478 2357; x_wconf 89' lang='lat'><strong>8.</strong></span> <span class='ocrx_word' id='word_1_188' title='bbox 521 2295 572 2358; x_wconf 88' lang='lat' dir='ltr'><strong>Sic</strong></span> <span class='ocrx_word' id='word_1_189' title='bbox 602 2298 683 2358; x_wconf 82' lang='lat' dir='ltr'><strong>enim</strong></span> <span class='ocrx_word' id='word_1_190' title='bbox 712 2305 832 2358; x_wconf 89' lang='lat' dir='ltr'><strong>sanetus</strong></span> <span class='ocrx_word' id='word_1_191' title='bbox 852 2295 964 2356; x_wconf 89' lang='lat' dir='ltr'><strong>Petrus</strong></span> <span class='ocrx_word' id='word_1_192' title='bbox 985 2293 1024 2354; x_wconf 87' lang='lat' dir='ltr'><strong>ad</strong></span> <span class='ocrx_word' id='word_1_193' title='bbox 1050 2289 1150 2355; x_wconf 82' lang='lat' dir='ltr'><strong>Simo·</strong></span> 
     </span>
     <span class='ocr_line' id='line_1_25' title="bbox 58 2375 1151 2462; baseline 0 -25"><span class='ocrx_word' id='word_1_194' title='bbox 58 2397 157 2454; x_wconf 89' lang='lat' dir='ltr'><strong>nem,</strong></span> <span class='ocrx_word' id='word_1_195' title='bbox 178 2398 198 2438; x_wconf 91' lang='grc' dir='ltr'><strong><em>ο</em></strong></span> <span class='ocrx_word' id='word_1_196' title='bbox 219 2375 281 2439; x_wconf 85' lang='lat' dir='ltr'><strong>late</strong></span> <span class='ocrx_word' id='word_1_197' title='bbox 293 2382 421 2460; x_wconf 74' lang='lat' dir='ltr'><strong>pecuma</strong></span> <span class='ocrx_word' id='word_1_198' title='bbox 441 2399 496 2462; x_wconf 88' lang='lat' dir='ltr'><strong>per</strong></span> <span class='ocrx_word' id='word_1_199' title='bbox 512 2399 657 2440; x_wconf 85' lang='lat' dir='ltr'><strong>manuum</strong></span> <span class='ocrx_word' id='word_1_200' title='bbox 672 2379 891 2462; x_wconf 83' lang='lat' dir='ltr'><strong>impositionem</strong></span> <span class='ocrx_word' id='word_1_201' title='bbox 910 2377 1041 2458; x_wconf 85' lang='lat' dir='ltr'><strong>Spiritus</strong></span> <span class='ocrx_word' id='word_1_202' title='bbox 1055 2376 1151 2437; x_wconf 86' lang='lat' dir='ltr'><strong>sancti</strong></span> 
     </span>
     <span class='ocr_line' id='line_1_26' title="bbox 59 2453 1149 2544; baseline 0 -24"><span class='ocrx_word' id='word_1_203' title='bbox 59 2461 307 2522; x_wconf 83' lang='lat' dir='ltr'><strong>communicandi</strong></span> <span class='ocrx_word' id='word_1_204' title='bbox 330 2473 508 2542; x_wconf 83' lang='lat' dir='ltr'><strong>potestatem</strong></span> <span class='ocrx_word' id='word_1_205' title='bbox 529 2463 586 2524; x_wconf 90' lang='lat' dir='ltr'><strong>sibi</strong></span> <span class='ocrx_word' id='word_1_206' title='bbox 604 2463 727 2524; x_wconf 87' lang='lat' dir='ltr'><strong>concedi</strong></span> <span class='ocrx_word' id='word_1_207' title='bbox 750 2473 923 2544; x_wconf 76' lang='lat' dir='ltr'><strong>petentem:</strong></span> <span class='ocrx_word' id='word_1_208' title='bbox 947 2456 966 2540; x_wconf 80' lang='grc' dir='ltr'><em>ἡ</em></span> <span class='ocrx_word' id='word_1_209' title='bbox 986 2453 1048 2540; x_wconf 72' lang='grc' dir='ltr'><strong>γὰρ</strong></span> <span class='ocrx_word' id='word_1_210' title='bbox 1071 2479 1149 2538; x_wconf 82' lang='grc' dir='ltr'><strong><em>καρ-</em></strong></span> 
     </span>
     <span class='ocr_line' id='line_1_27' title="bbox 60 2539 1150 2608; baseline -0.002 -4"><span class='ocrx_word' id='word_1_211' title='bbox 60 2540 118 2604; x_wconf 87' lang='grc' dir='ltr'><strong>δία</strong></span> <span class='ocrx_word' id='word_1_212' title='bbox 139 2561 197 2604; x_wconf 86' lang='grc' dir='ltr'><strong>σου</strong></span> <span class='ocrx_word' id='word_1_213' title='bbox 218 2541 275 2606; x_wconf 72' lang='lat' dir='ltr'><strong>ode</strong></span> <span class='ocrx_word' id='word_1_214' title='bbox 295 2539 381 2606; x_wconf 79' lang='grc' dir='ltr'><strong><em>ἔστιν</em></strong></span> <span class='ocrx_word' id='word_1_215' title='bbox 402 2543 516 2608; x_wconf 73' lang='grc' dir='ltr'><strong><em>εδδεῖα</em></strong></span> <span class='ocrx_word' id='word_1_216' title='bbox 535 2539 669 2608; x_wconf 81' lang='grc' dir='ltr'><strong><em>ἐνυδσιον</em></strong></span> <span class='ocrx_word' id='word_1_217' title='bbox 693 2544 782 2606; x_wconf 73' lang='grc' dir='ltr'><strong>θεοῦ.</strong></span> <span class='ocrx_word' id='word_1_218' title='bbox 822 2545 892 2606; x_wconf 89' lang='lat' dir='ltr'><strong>Non</strong></span> <span class='ocrx_word' id='word_1_219' title='bbox 921 2544 1002 2604; x_wconf 90' lang='lat' dir='ltr'><strong>euim</strong></span> <span class='ocrx_word' id='word_1_220' title='bbox 1028 2552 1150 2604; x_wconf 89' lang='lat' dir='ltr'><strong>senten-</strong></span> 
     </span>
     <span class='ocr_line' id='line_1_28' title="bbox 57 2620 1151 2710; baseline -0.002 -24"><span class='ocrx_word' id='word_1_221' title='bbox 57 2627 113 2686; x_wconf 84' lang='lat' dir='ltr'><strong>tiis</strong></span> <span class='ocrx_word' id='word_1_222' title='bbox 137 2627 230 2688; x_wconf 89' lang='lat' dir='ltr'><strong>modo</strong></span> <span class='ocrx_word' id='word_1_223' title='bbox 254 2629 377 2710; x_wconf 84' lang='lat' dir='ltr'><strong>integris</strong></span> <span class='ocrx_word' id='word_1_224' title='bbox 396 2629 568 2690; x_wconf 82' lang='lat' dir='ltr'><strong>divinarum</strong></span> <span class='ocrx_word' id='word_1_225' title='bbox 589 2620 757 2690; x_wconf 80' lang='lat' dir='ltr'><strong>litterarum</strong></span> <span class='ocrx_word' id='word_1_226' title='bbox 771 2627 977 2700; x_wconf 90' lang='lat' dir='ltr'><strong>innectendis,</strong></span> <span class='ocrx_word' id='word_1_227' title='bbox 992 2623 1045 2686; x_wconf 88' lang='lat' dir='ltr'><strong>sed</strong></span> <span class='ocrx_word' id='word_1_228' title='bbox 1060 2627 1151 2686; x_wconf 85' lang='lat' dir='ltr'><strong>etiarn</strong></span> 
     </span>
     <span class='ocr_line' id='line_1_29' title="bbox 57 2707 1151 2790; baseline -0.002 -20"><span class='ocrx_word' id='word_1_229' title='bbox 57 2711 154 2770; x_wconf 90' lang='lat' dir='ltr'><strong>unico</strong></span> <span class='ocrx_word' id='word_1_230' title='bbox 179 2709 274 2771; x_wconf 84' lang='lat' dir='ltr'><strong>verbo</strong></span> <span class='ocrx_word' id='word_1_231' title='bbox 302 2711 409 2773; x_wconf 88' lang='lat' dir='ltr'><strong>iisdem</strong></span> <span class='ocrx_word' id='word_1_232' title='bbox 442 2711 631 2774; x_wconf 85' lang='lat' dir='ltr'><strong>insinuandis</strong></span> <span class='ocrx_word' id='word_1_233' title='bbox 661 2711 889 2776; x_wconf 85' lang='lat' dir='ltr'><strong>Centncuzenus</strong></span> <span class='ocrx_word' id='word_1_234' title='bbox 912 2709 1041 2790; x_wconf 81' lang='lat' dir='ltr'><strong>gaudet:</strong></span> <span class='ocrx_word' id='word_1_235' title='bbox 1066 2707 1151 2790; x_wconf 91' lang='lat' dir='ltr'><strong>quod</strong></span> 
     </span>
     <span class='ocr_line' id='line_1_30' title="bbox 56 2791 1149 2876; baseline 0.002 -24"><span class='ocrx_word' id='word_1_236' title='bbox 56 2805 108 2868; x_wconf 91' lang='lat' dir='ltr'><strong>te,</strong></span> <span class='ocrx_word' id='word_1_237' title='bbox 128 2793 256 2868; x_wconf 79' lang='lat' dir='ltr'><strong>Lector,</strong></span> <span class='ocrx_word' id='word_1_238' title='bbox 277 2792 327 2855; x_wconf 88' lang='lat' dir='ltr'><strong>hic</strong></span> <span class='ocrx_word' id='word_1_239' title='bbox 344 2797 534 2876; x_wconf 89' lang='lat' dir='ltr'><strong>potissimum</strong></span> <span class='ocrx_word' id='word_1_240' title='bbox 549 2795 698 2860; x_wconf 90' lang='lat' dir='ltr'><strong>monitum</strong></span> <span class='ocrx_word' id='word_1_241' title='bbox 719 2792 814 2855; x_wconf 86' lang='lat' dir='ltr'><strong>volui.</strong></span> <span class='ocrx_word' id='word_1_242' title='bbox 844 2793 923 2854; x_wconf 86' lang='lat' dir='ltr'><strong>Sane</strong></span> <span class='ocrx_word' id='word_1_243' title='bbox 936 2791 1149 2874; x_wconf 86' lang='lat' dir='ltr'><strong>peritissimum</strong></span> 
     </span>
     <span class='ocr_line' id='line_1_31' title="bbox 56 2877 958 2960; baseline 0.001 -23"><span class='ocrx_word' id='word_1_244' title='bbox 56 2895 164 2938; x_wconf 81' lang='lat' dir='ltr'><strong>sacres</strong></span> <span class='ocrx_word' id='word_1_245' title='bbox 183 2878 349 2960; x_wconf 86' lang='lat' dir='ltr'><strong>scripturae</strong></span> <span class='ocrx_word' id='word_1_246' title='bbox 368 2878 482 2960; x_wconf 81' lang='lat' dir='ltr'><strong>fuisse,</strong></span> <span class='ocrx_word' id='word_1_247' title='bbox 504 2887 587 2942; x_wconf 85' lang='lat' dir='ltr'><strong>extra</strong></span> <span class='ocrx_word' id='word_1_248' title='bbox 607 2877 737 2939; x_wconf 89' lang='lat' dir='ltr'><strong>dubium</strong></span> <span class='ocrx_word' id='word_1_249' title='bbox 757 2887 811 2939; x_wconf 87' lang='lat' dir='ltr'><strong>est.</strong></span> <span class='ocrx_word' id='word_1_250' title='bbox 830 2895 958 2938; x_wconf 81' lang='lat' dir='ltr'><strong>ronrsn.</strong></span> 
     </span>
    </p>

    <p class='ocr_par' dir='ltr' id='par_1_13' title="bbox 142 2952 952 3043">
     <span class='ocr_line' id='line_1_32' title="bbox 142 2952 952 3043; baseline 0.002 -21"><span class='ocrx_word' id='word_1_251' title='bbox 142 2960 223 3043; x_wconf 82' lang='lat' dir='ltr'><strong>Pug.</strong></span> <span class='ocrx_word' id='word_1_252' title='bbox 247 2961 299 3035; x_wconf 73' lang='lat'><strong>25,</strong></span> <span class='ocrx_word' id='word_1_253' title='bbox 321 2959 354 3022; x_wconf 85' lang='grc'><strong>8.</strong></span> <span class='ocrx_word' id='word_1_254' title='bbox 379 2957 440 3035; x_wconf 76' lang='grc' dir='ltr'><strong>τὰς</strong></span> <span class='ocrx_word' id='word_1_255' title='bbox 458 2972 538 3022; x_wconf 90' lang='lat' dir='ltr'><strong>recte</strong></span> <span class='ocrx_word' id='word_1_256' title='bbox 559 2960 631 3022; x_wconf 83' lang='lat' dir='ltr'><strong>add.</strong></span> <span class='ocrx_word' id='word_1_257' title='bbox 653 2963 700 3022; x_wconf 90' lang='grc' dir='ltr'><strong>Μ.</strong></span> <span class='ocrx_word' id='word_1_258' title='bbox 719 2970 790 3022; x_wconf 85' lang='lat' dir='ltr'><strong>ente</strong></span> <span class='ocrx_word' id='word_1_259' title='bbox 808 2952 952 3042; x_wconf 70' lang='grc' dir='ltr'><strong>χάριτας.</strong></span> 
     </span>
    </p>

    <p class='ocr_par' dir='ltr' id='par_1_14' title="bbox 142 3038 935 3128">
     <span class='ocr_line' id='line_1_33' title="bbox 142 3038 935 3128; baseline -0.005 -21"><span class='ocrx_word' id='word_1_260' title='bbox 142 3043 222 3128; x_wconf 80' lang='lat' dir='ltr'><strong>Png.</strong></span> <span class='ocrx_word' id='word_1_261' title='bbox 245 3045 298 3123; x_wconf 78' lang='lat'><strong>25,</strong></span> <span class='ocrx_word' id='word_1_262' title='bbox 322 3064 367 3124; x_wconf 80' lang='lat'><strong>¹7·</strong></span> <span class='ocrx_word' id='word_1_263' title='bbox 388 3039 464 3118; x_wconf 77' lang='grc' dir='ltr'><strong>σούς</strong></span> <span class='ocrx_word' id='word_1_264' title='bbox 483 3038 597 3124; x_wconf 71' lang='grc' dir='ltr'><strong><em>λόγους</em></strong></span> <span class='ocrx_word' id='word_1_265' title='bbox 618 3055 700 3107; x_wconf 85' lang='lat' dir='ltr'><strong>reete</strong></span> <span class='ocrx_word' id='word_1_266' title='bbox 724 3045 770 3109; x_wconf 88' lang='lat' dir='ltr'><strong>M.</strong></span> <span class='ocrx_word' id='word_1_267' title='bbox 933 3045 935 3050; x_wconf 85' lang='lat'>&#39;</span> 
     </span>
    </p>

    <p class='ocr_par' dir='ltr' id='par_1_15' title="bbox 141 3125 942 3211">
     <span class='ocr_line' id='line_1_34' title="bbox 141 3125 942 3211; baseline -0.005 -19"><span class='ocrx_word' id='word_1_268' title='bbox 141 3129 220 3210; x_wconf 78' lang='lat' dir='ltr'><strong>Pag.</strong></span> <span class='ocrx_word' id='word_1_269' title='bbox 242 3131 294 3204; x_wconf 82' lang='lat'><strong>23,</strong></span> <span class='ocrx_word' id='word_1_270' title='bbox 321 3125 368 3194; x_wconf 80' lang='lat'><strong>18.</strong></span> <span class='ocrx_word' id='word_1_271' title='bbox 388 3125 442 3189; x_wconf 78' lang='grc' dir='ltr'><strong>δεῖ</strong></span> <span class='ocrx_word' id='word_1_272' title='bbox 457 3129 502 3189; x_wconf 89' lang='grc' dir='ltr'><strong>Μ.</strong></span> <span class='ocrx_word' id='word_1_273' title='bbox 526 3149 661 3211; x_wconf 87' lang='lat' dir='ltr'><strong>quoqne.</strong></span> <span class='ocrx_word' id='word_1_274' title='bbox 695 3127 800 3192; x_wconf 79' lang='lat' dir='ltr'><strong>Recte.</strong></span> <span class='ocrx_word' id='word_1_275' title='bbox 940 3162 942 3166; x_wconf 93' lang='lat'>·</span> 
     </span>
    </p>

    <p class='ocr_par' dir='ltr' id='par_1_16' title="bbox 50 3205 1173 3376">
     <span class='ocr_line' id='line_1_35' title="bbox 141 3205 1146 3297; baseline -0.001 -23"><span class='ocrx_word' id='word_1_276' title='bbox 141 3211 218 3294; x_wconf 80' lang='lat' dir='ltr'><strong>Pug.</strong></span> <span class='ocrx_word' id='word_1_277' title='bbox 242 3212 295 3290; x_wconf 76' lang='lat'><strong>25,</strong></span> <span class='ocrx_word' id='word_1_278' title='bbox 317 3231 370 3273; x_wconf 79' lang='lat' dir='ltr'><strong>nr.</strong></span> <span class='ocrx_word' id='word_1_279' title='bbox 393 3211 676 3297; x_wconf 84' lang='lat' dir='ltr'><strong>Adrianopoli,</strong></span> <span class='ocrx_word' id='word_1_280' title='bbox 715 3207 907 3272; x_wconf 88' lang='lat' dir='ltr'><strong>Orestiadem</strong></span> <span class='ocrx_word' id='word_1_281' title='bbox 926 3219 1015 3272; x_wconf 85' lang='lat' dir='ltr'><strong>antee</strong></span> <span class='ocrx_word' id='word_1_282' title='bbox 1034 3205 1146 3273; x_wconf 87' lang='lat' dir='ltr'><strong>dietam</strong></span> 
     </span>
     <span class='ocr_line' id='line_1_36' title="bbox 50 3291 1173 3376; baseline 0.002 -24"><span class='ocrx_word' id='word_1_283' title='bbox 50 3291 136 3354; x_wconf 83' lang='lat' dir='ltr'><strong>hane</strong></span> <span class='ocrx_word' id='word_1_284' title='bbox 149 3293 267 3371; x_wconf 88' lang='lat' dir='ltr'><strong>urbem,</strong></span> <span class='ocrx_word' id='word_1_285' title='bbox 282 3293 406 3376; x_wconf 86' lang='lat' dir='ltr'><strong>quidam</strong></span> <span class='ocrx_word' id='word_1_286' title='bbox 423 3306 559 3358; x_wconf 69' lang='lat' dir='ltr'><strong>anderes</strong></span> <span class='ocrx_word' id='word_1_287' title='bbox 578 3307 663 3358; x_wconf 87' lang='lat' dir='ltr'><strong>sunt.</strong></span> <span class='ocrx_word' id='word_1_288' title='bbox 677 3293 951 3362; x_wconf 83' lang='lat' dir='ltr'><strong>SolebantSultani</strong></span> <span class='ocrx_word' id='word_1_289' title='bbox 961 3293 1084 3356; x_wconf 89' lang='lat' dir='ltr'><strong>Turcici</strong></span> <span class='ocrx_word' id='word_1_290' title='bbox 1096 3315 1144 3354; x_wconf 89' lang='lat' dir='ltr'><strong>re·</strong></span> <span class='ocrx_word' id='word_1_291' title='bbox 1168 3353 1173 3364; x_wconf 83' lang='grc'><em>,</em></span> 
     </span>
    </p>
   </div>
   <div class='ocr_carea' id='block_1_9' title="bbox 48 3377 1273 3464">
    <p class='ocr_par' dir='ltr' id='par_1_17' title="bbox 48 3377 1273 3464">
     <span class='ocr_line' id='line_1_37' title="bbox 48 3377 1273 3464; baseline 0.003 -28"><span class='ocrx_word' id='word_1_292' title='bbox 48 3397 150 3456; x_wconf 85' lang='lat' dir='ltr'><strong>gnum</strong></span> <span class='ocrx_word' id='word_1_293' title='bbox 162 3378 310 3460; x_wconf 81' lang='lat' dir='ltr'><strong>auspicari</strong></span> <span class='ocrx_word' id='word_1_294' title='bbox 326 3379 358 3438; x_wconf 90' lang='lat' dir='ltr'><strong>in</strong></span> <span class='ocrx_word' id='word_1_295' title='bbox 373 3399 408 3439; x_wconf 88' lang='lat' dir='ltr'><strong>ea</strong></span> <span class='ocrx_word' id='word_1_296' title='bbox 421 3381 554 3458; x_wconf 81' lang='lat' dir='ltr'><strong>civitate,</strong></span> <span class='ocrx_word' id='word_1_297' title='bbox 563 3401 642 3464; x_wconf 86' lang='lat' dir='ltr'><strong>quae</strong></span> <span class='ocrx_word' id='word_1_298' title='bbox 654 3379 740 3442; x_wconf 89' lang='lat' dir='ltr'><strong>sedes</strong></span> <span class='ocrx_word' id='word_1_299' title='bbox 754 3386 831 3440; x_wconf 87' lang='lat' dir='ltr'><strong>esset</strong></span> <span class='ocrx_word' id='word_1_300' title='bbox 841 3377 969 3458; x_wconf 87' lang='lat' dir='ltr'><strong>imperii.</strong></span> <span class='ocrx_word' id='word_1_301' title='bbox 987 3377 1143 3460; x_wconf 87' lang='lat' dir='ltr'><strong>Principio</strong></span> <span class='ocrx_word' id='word_1_302' title='bbox 1268 3405 1273 3415; x_wconf 84' lang='lat'><strong>·</strong></span> 
     </span>
    </p>
   </div>
   <div class='ocr_carea' id='block_1_10' title="bbox 41 3459 1272 4297">
    <p class='ocr_par' dir='ltr' id='par_1_18' title="bbox 41 3459 1272 4297">
     <span class='ocr_line' id='line_1_38' title="bbox 48 3459 1141 3545; baseline 0.005 -28"><span class='ocrx_word' id='word_1_303' title='bbox 48 3459 165 3523; x_wconf 74' lang='lat' dir='ltr'><strong>Tuscis</strong></span> <span class='ocrx_word' id='word_1_304' title='bbox 186 3465 284 3544; x_wconf 80' lang='lat' dir='ltr'><strong>(capte</strong></span> <span class='ocrx_word' id='word_1_305' title='bbox 303 3459 563 3545; x_wconf 84' lang='lat' dir='ltr'><strong>Constantinopoli</strong></span> <span class='ocrx_word' id='word_1_306' title='bbox 582 3461 734 3539; x_wconf 84' lang='lat' dir='ltr'><strong>videlieet)</strong></span> <span class='ocrx_word' id='word_1_307' title='bbox 763 3462 821 3526; x_wconf 87' lang='lat' dir='ltr'><strong>fuit</strong></span> <span class='ocrx_word' id='word_1_308' title='bbox 843 3461 941 3524; x_wconf 86' lang='lat' dir='ltr'><strong>Prusa</strong></span> <span class='ocrx_word' id='word_1_309' title='bbox 961 3459 1141 3544; x_wconf 81' lang='lat' dir='ltr'><strong>Bithyniae,</strong></span> 
     </span>
     <span class='ocr_line' id='line_1_39' title="bbox 46 3540 1272 3686; baseline -0.001 -83"><span class='ocrx_word' id='word_1_310' title='bbox 46 3540 148 3686; x_wconf 84' lang='lat' dir='ltr'><strong>paulo</strong></span> <span class='ocrx_word' id='word_1_311' title='bbox 175 3556 245 3606; x_wconf 87' lang='lat' dir='ltr'><strong>ante</strong></span> <span class='ocrx_word' id='word_1_312' title='bbox 272 3555 400 3607; x_wconf 86' lang='lat' dir='ltr'><strong>mortem</strong></span> <span class='ocrx_word' id='word_1_313' title='bbox 427 3548 570 3608; x_wconf 90' lang='lat' dir='ltr'><strong>Osmanis</strong></span> <span class='ocrx_word' id='word_1_314' title='bbox 594 3548 635 3610; x_wconf 85' lang='lat' dir='ltr'><strong>nb</strong></span> <span class='ocrx_word' id='word_1_315' title='bbox 661 3547 809 3608; x_wconf 86' lang='lat' dir='ltr'><strong>Urohsne</strong></span> <span class='ocrx_word' id='word_1_316' title='bbox 840 3544 903 3607; x_wconf 88' lang='lat' dir='ltr'><strong>filio</strong></span> <span class='ocrx_word' id='word_1_317' title='bbox 932 3557 1040 3627; x_wconf 77' lang='lat' dir='ltr'><strong>eapte,</strong></span> <span class='ocrx_word' id='word_1_318' title='bbox 1063 3565 1142 3626; x_wconf 84' lang='lat' dir='ltr'><strong>quse</strong></span> <span class='ocrx_word' id='word_1_319' title='bbox 1268 3595 1272 3602; x_wconf 89' lang='lat'><em>.</em></span> 
     </span>
     <span class='ocr_line' id='line_1_40' title="bbox 60 3626 1142 3712; baseline 0.006 -28"><span class='ocrx_word' id='word_1_320' title='bbox 60 3628 125 3687; x_wconf 87' lang='lat' dir='ltr'><strong>icet</strong></span> <span class='ocrx_word' id='word_1_321' title='bbox 157 3626 305 3692; x_wconf 89' lang='lat' dir='ltr'><strong>bonorem</strong></span> <span class='ocrx_word' id='word_1_322' title='bbox 333 3628 416 3690; x_wconf 86' lang='lat' dir='ltr'><strong>hune</strong></span> <span class='ocrx_word' id='word_1_323' title='bbox 446 3650 509 3691; x_wconf 88' lang='lat' dir='ltr'><strong>non</strong></span> <span class='ocrx_word' id='word_1_324' title='bbox 542 3631 596 3692; x_wconf 89' lang='lat' dir='ltr'><strong>diu</strong></span> <span class='ocrx_word' id='word_1_325' title='bbox 624 3633 774 3710; x_wconf 90' lang='lat' dir='ltr'><strong>retinuit,</strong></span> <span class='ocrx_word' id='word_1_326' title='bbox 808 3651 843 3690; x_wconf 85' lang='lat' dir='ltr'><strong>ex</strong></span> <span class='ocrx_word' id='word_1_327' title='bbox 876 3629 1002 3712; x_wconf 86' lang='lat' dir='ltr'><strong>pristina</strong></span> <span class='ocrx_word' id='word_1_328' title='bbox 1039 3639 1142 3690; x_wconf 85' lang='lat' dir='ltr'><strong>temen</strong></span> 
     </span>
     <span class='ocr_line' id='line_1_41' title="bbox 68 3709 1140 3796; baseline 0.003 -27"><span class='ocrx_word' id='word_1_329' title='bbox 68 3715 260 3794; x_wconf 80' lang='lat' dir='ltr'><strong>raemgative</strong></span> <span class='ocrx_word' id='word_1_330' title='bbox 289 3715 422 3791; x_wconf 89' lang='lat' dir='ltr'><strong>meruit,</strong></span> <span class='ocrx_word' id='word_1_331' title='bbox 452 3724 489 3774; x_wconf 86' lang='lat' dir='ltr'><strong>ut</strong></span> <span class='ocrx_word' id='word_1_332' title='bbox 516 3712 682 3796; x_wconf 80' lang='lat' dir='ltr'><strong>longissimi</strong></span> <span class='ocrx_word' id='word_1_333' title='bbox 718 3713 863 3795; x_wconf 88' lang='lat' dir='ltr'><strong>temporis</strong></span> <span class='ocrx_word' id='word_1_334' title='bbox 893 3714 991 3795; x_wconf 85' lang='lat' dir='ltr'><strong>spatio</strong></span> <span class='ocrx_word' id='word_1_335' title='bbox 1020 3709 1140 3772; x_wconf 85' lang='lat' dir='ltr'><strong>Sultani</strong></span> 
     </span>
     <span class='ocr_line' id='line_1_42' title="bbox 49 3793 1142 3877; baseline 0.005 -25"><span class='ocrx_word' id='word_1_336' title='bbox 49 3793 224 3856; x_wconf 77' lang='lat' dir='ltr'><strong>furcarum</strong></span> <span class='ocrx_word' id='word_1_337' title='bbox 244 3796 378 3873; x_wconf 87' lang='lat' dir='ltr'><strong>mortui,</strong></span> <span class='ocrx_word' id='word_1_338' title='bbox 399 3798 531 3877; x_wconf 82' lang='lat' dir='ltr'><strong>paternis</strong></span> <span class='ocrx_word' id='word_1_339' title='bbox 553 3808 583 3858; x_wconf 90' lang='lat' dir='ltr'><strong>et</strong></span> <span class='ocrx_word' id='word_1_340' title='bbox 602 3797 692 3857; x_wconf 84' lang='lat' dir='ltr'><strong>evitis</strong></span> <span class='ocrx_word' id='word_1_341' title='bbox 714 3797 781 3856; x_wconf 88' lang='lat' dir='ltr'><strong>istic</strong></span> <span class='ocrx_word' id='word_1_342' title='bbox 801 3795 1024 3869; x_wconf 85' lang='lat' dir='ltr'><strong>monumentis,</strong></span> <span class='ocrx_word' id='word_1_343' title='bbox 1044 3795 1142 3857; x_wconf 22' lang='lat' dir='ltr'><strong>,enam</strong></span> 
     </span>
     <span class='ocr_line' id='line_1_43' title="bbox 41 3873 1142 3962; baseline 0.001 -29"><span class='ocrx_word' id='word_1_344' title='bbox 41 3873 103 3935; x_wconf 90' lang='lat' dir='ltr'><strong>diu</strong></span> <span class='ocrx_word' id='word_1_345' title='bbox 119 3889 187 3958; x_wconf 88' lang='lat' dir='ltr'><strong>post</strong></span> <span class='ocrx_word' id='word_1_346' title='bbox 202 3890 320 3962; x_wconf 84' lang='lat' dir='ltr'><strong>captum</strong></span> <span class='ocrx_word' id='word_1_347' title='bbox 334 3877 639 3961; x_wconf 88' lang='lat' dir='ltr'><strong>Constantinopolim,</strong></span> <span class='ocrx_word' id='word_1_348' title='bbox 654 3875 847 3939; x_wconf 81' lang='lat' dir='ltr'><strong>inferrentur.</strong></span> <span class='ocrx_word' id='word_1_349' title='bbox 870 3878 1036 3958; x_wconf 82' lang='lat' dir='ltr'><strong>Postquam</strong></span> <span class='ocrx_word' id='word_1_350' title='bbox 1057 3895 1142 3954; x_wconf 83' lang='lat' dir='ltr'><strong>vero,</strong></span> 
     </span>
     <span class='ocr_line' id='line_1_44' title="bbox 43 3957 1140 4044; baseline 0.002 -26"><span class='ocrx_word' id='word_1_351' title='bbox 43 3967 229 4024; x_wconf 80' lang='lat' dir='ltr'><strong>transvectis</strong></span> <span class='ocrx_word' id='word_1_352' title='bbox 250 3966 282 4024; x_wconf 90' lang='lat' dir='ltr'><strong>in</strong></span> <span class='ocrx_word' id='word_1_353' title='bbox 303 3963 459 4044; x_wconf 85' lang='lat' dir='ltr'><strong>Europam</strong></span> <span class='ocrx_word' id='word_1_354' title='bbox 478 3965 583 4044; x_wconf 86' lang='lat' dir='ltr'><strong>copiis,</strong></span> <span class='ocrx_word' id='word_1_355' title='bbox 596 3964 732 4024; x_wconf 84' lang='lat' dir='ltr'><strong>Murates</strong></span> <span class='ocrx_word' id='word_1_356' title='bbox 747 3960 784 4035; x_wconf 93' lang='lat'><strong>1.‚</strong></span> <span class='ocrx_word' id='word_1_357' title='bbox 798 3957 946 4020; x_wconf 85' lang='lat' dir='ltr'><strong>Umhenis</strong></span> <span class='ocrx_word' id='word_1_358' title='bbox 966 3961 1017 4036; x_wconf 66' lang='lat' dir='ltr'><strong>F,</strong></span> <span class='ocrx_word' id='word_1_359' title='bbox 1030 3958 1140 4024; x_wconf 68' lang='lat' dir='ltr'><strong>Osmsr</strong></span> 
     </span>
     <span class='ocr_line' id='line_1_45' title="bbox 41 4037 1140 4129; baseline -0.001 -28"><span class='ocrx_word' id='word_1_360' title='bbox 41 4043 97 4102; x_wconf 86' lang='lat' dir='ltr'><strong>nis</strong></span> <span class='ocrx_word' id='word_1_361' title='bbox 119 4042 434 4129; x_wconf 82' lang='lat' dir='ltr'><strong>N.,llndrinnopolim</strong></span> <span class='ocrx_word' id='word_1_362' title='bbox 453 4048 603 4128; x_wconf 80' lang='lat' dir='ltr'><strong>cepisset,</strong></span> <span class='ocrx_word' id='word_1_363' title='bbox 622 4044 729 4106; x_wconf 89' lang='lat' dir='ltr'><strong>eodem</strong></span> <span class='ocrx_word' id='word_1_364' title='bbox 749 4053 780 4105; x_wconf 90' lang='lat' dir='ltr'><strong>et</strong></span> <span class='ocrx_word' id='word_1_365' title='bbox 799 4043 884 4123; x_wconf 86' lang='lat' dir='ltr'><strong>regni</strong></span> <span class='ocrx_word' id='word_1_366' title='bbox 905 4041 989 4101; x_wconf 79' lang='lat' dir='ltr'><strong>sedes</strong></span> <span class='ocrx_word' id='word_1_367' title='bbox 1010 4059 1044 4098; x_wconf 86' lang='lat' dir='ltr'><strong>ex</strong></span> <span class='ocrx_word' id='word_1_368' title='bbox 1065 4037 1140 4104; x_wconf 85' lang='lat' dir='ltr'><strong>Asis</strong></span> 
     </span>
     <span class='ocr_line' id='line_1_46' title="bbox 46 4121 1138 4210; baseline -0.001 -25"><span class='ocrx_word' id='word_1_369' title='bbox 46 4129 264 4210; x_wconf 78' lang='lat' dir='ltr'><strong>commigrasse</strong></span> <span class='ocrx_word' id='word_1_370' title='bbox 284 4131 426 4206; x_wconf 84' lang='lat' dir='ltr'><strong>videtur,</strong></span> <span class='ocrx_word' id='word_1_371' title='bbox 440 4129 523 4210; x_wconf 92' lang='lat' dir='ltr'><strong>quod</strong></span> <span class='ocrx_word' id='word_1_372' title='bbox 542 4140 624 4190; x_wconf 85' lang='lat' dir='ltr'><strong>reete</strong></span> <span class='ocrx_word' id='word_1_373' title='bbox 638 4150 670 4190; x_wconf 89' lang='lat' dir='ltr'><strong>se</strong></span> <span class='ocrx_word' id='word_1_374' title='bbox 693 4127 826 4188; x_wconf 78' lang='lat' dir='ltr'><strong>facturos</strong></span> <span class='ocrx_word' id='word_1_375' title='bbox 844 4121 963 4186; x_wconf 77' lang='lat' dir='ltr'><strong>Sullani</strong></span> <span class='ocrx_word' id='word_1_376' title='bbox 982 4121 1138 4198; x_wconf 83' lang='lat' dir='ltr'><strong>ducerent,</strong></span> 
     </span>
     <span class='ocr_line' id='line_1_47' title="bbox 43 4205 1138 4297; baseline 0.002 -27"><span class='ocrx_word' id='word_1_377' title='bbox 43 4210 72 4270; x_wconf 90' lang='lat' dir='ltr'><strong>si</strong></span> <span class='ocrx_word' id='word_1_378' title='bbox 96 4208 192 4274; x_wconf 67' lang='lat' dir='ltr'><strong>edus</strong></span> <span class='ocrx_word' id='word_1_379' title='bbox 214 4211 381 4276; x_wconf 82' lang='lat' dir='ltr'><strong>Anatoliois</strong></span> <span class='ocrx_word' id='word_1_380' title='bbox 403 4215 464 4276; x_wconf 87' lang='lat' dir='ltr'><strong>iam</strong></span> <span class='ocrx_word' id='word_1_381' title='bbox 485 4210 769 4297; x_wconf 78' lang='lat' dir='ltr'><strong>tranquillioribus,</strong></span> <span class='ocrx_word' id='word_1_382' title='bbox 799 4209 992 4294; x_wconf 79' lang='lat' dir='ltr'><strong>praecipuum</strong></span> <span class='ocrx_word' id='word_1_383' title='bbox 1013 4205 1138 4276; x_wconf 74' lang='lat' dir='ltr'><strong>militiae</strong></span> 
     </span>
    </p>
   </div>
   <div class='ocr_carea' id='block_1_11' title="bbox 0 0 1478 4932">
    <p class='ocr_par' dir='ltr' id='par_1_19' title="bbox 0 0 1478 4932">
     <span class='ocr_line' id='line_1_48' title="bbox 0 0 1478 4932; baseline 0 6"><span class='ocrx_word' id='word_1_384' title='bbox 0 0 1478 4932; x_wconf 95' lang='lat' dir='ltr'><strong> </strong></span> 
     </span>
    </p>
   </div>
  </div>
 </body>
</html>
