2944 4934
333 323 403 394 ιιι).
419 314 699 400 &Milouem
731 323 806 388 un.
823 326 878 388 ιιι.
1054 295 1136 394 ,521
1228 404 1237 422 κ

74 497 194 562 rumque
219 473 415 540 revelationes
440 477 570 556 attinet,
599 477 701 620 primo
725 477 862 552 omniurn
893 475 1142 545 condonandam

74 583 133 624 asse
152 561 238 624 fidem
258 561 339 638 eius,
368 562 423 643 qui
450 559 508 622 sibi
530 581 600 621 reve
611 565 744 624 ationem
763 561 909 624 divinitus
926 562 1038 624 factam
1056 561 1142 624 affir-

73 656 153 721 mat,
171 666 243 706 num
263 644 404 706 videlicet
428 643 467 704 sit
493 642 674 719 catholicus,
696 666 771 706 num
799 645 988 722 haereticus,
1013 667 1086 708 num
1107 667 1141 720 ef

71 728 195 790 thnicus.
216 729 300 790 Etsi
319 727 443 810 quidem
455 748 474 786 a
486 747 559 788 vera
578 727 636 790 lide
656 725 843 806 abelianos,
865 750 1005 812 magnam
1025 730 1142 792 cautio·

70 831 134 872 nem
154 811 380 888 adhibendam,
401 831 441 872 ne
464 809 605 872 fallamur
629 809 670 872 ob
699 810 852 894 decipulas
872 812 1091 879 baereticorum
1111 821 1142 873 et

69 895 429 977 schismaticorum,quas
451 895 580 956 incautis
599 896 631 955 in
652 895 711 957 boc
728 907 906 978 argumento
926 897 1142 978 parantrdutn

68 981 160 1039 varias
179 981 334 1056 visiones,
355 976 573 1056 revelationes,
603 978 723 1040 divinos
751 982 911 1041 instinctus
936 989 968 1042 et
997 977 1141 1062 impulsus

66 1062 348 1139 comminiscuntur,
358 1081 428 1122 cunr
442 1081 503 1122 non
516 1083 535 1122 a
557 1061 666 1143 spiritu
676 1063 753 1140 Dei,
768 1063 820 1124 sed
831 1061 872 1124 ab
884 1062 937 1124 illo
950 1107 960 1143 ,
974 1065 1028 1145 qui
1042 1064 1141 1126 omnis

66 1145 261 1227 improbitatis
278 1155 383 1206 auctor
404 1154 448 1206 est
464 1155 495 1206 et
511 1145 702 1218 architectus,
724 1157 864 1230 agantur.
905 1146 986 1230 Lege
1001 1144 1141 1208 Delrinm

63 1241 199 1302 nostrum¹
216 1240 291 1290 tom.
305 1249 337 1289 n.
352 1229 535 1310 Magicarum
546 1229 793 1311 disquisitionum
812 1250 880 1311 cap.
894 1249 920 1296 1.
934 1253 963 1313 q.
973 1232 1002 1296 3.
1021 1241 1095 1292 sect.
1109 1251 1142 1291 n.

143 1311 219 1390 Quis
243 1311 379 1385 dubitet,
402 1310 513 1374 multos
533 1333 568 1373 ex
595 1312 790 1374 schismaticis
819 1315 883 1374 istis
909 1313 1033 1389 fecisse,
1057 1313 1142 1396 quod

60 1391 127 1456 lecit
146 1395 220 1458 olim
235 1395 392 1478 presbyter
404 1395 583 1468 Donatista,
597 1397 651 1479 qni
673 1407 708 1458 ut
729 1395 823 1460 aliurn
846 1396 886 1458 ad
904 1398 1017 1460 Donati
1040 1408 1140 1462 castra

59 1478 246 1556 traduceret,
267 1478 487 1553 mentiebatur,
509 1478 651 1562 angelum
673 1480 731 1540 sibi
752 1479 925 1562 apparuisse
946 1493 977 1543 et
995 1482 1140 1562 imperas·

58 1579 112 1639 se,
135 1573 171 1624 ut
193 1563 294 1645 ipsum
314 1563 424 1644 scripta
444 1561 568 1644 epistola
587 1563 634 1626 ad
658 1563 886 1639 Donatistarum
918 1575 1017 1643 partes
1047 1585 1142 1634 voca÷

56 1655 114 1704 ret.
154 1645 191 1707 ln
213 1665 304 1730 quem
324 1645 449 1728 pulchre
467 1656 589 1708 sanetus
609 1645 798 1728 Augustinus
827 1645 962 1710 scribens
993 1646 1141 1708 edilium

57 1726 171 1806 ipsum,
185 1730 330 1811 ad'quern
342 1729 498 1814 presbyter
509 1731 666 1792 Donatista
679 1727 793 1792 litteras
811 1729 944 1798 dederat.
964 1731 1001 1791 Si
1018 1730 1143 1816 tibiipsi

56 1811 175 1889 angelm
190 1813 365 1886 adstitisset,
382 1835 470 1898 quem
482 1813 539 1874 sibi
555 1813 607 1874 ille
623 1828 751 1898 propter
765 1827 792 1876 te
807 1812 971 1890 adstitisse,
996 1828 1141 1898 quantum

55 1895 259 1974 arbitramur,
276 1911 375 1958 astrata
396 1898 527 1958 nouitate
542 1895 701 1982 cngfingit,
728 1911 760 1959 et
780 1898 852 1958 baec
870 1900 939 1980 ipsa
963 1897 1019 1959 tibi
1039 1897 1140 1959 dixss-

54 1989 113 2051 set,
140 1996 220 2062 quoe
241 1982 295 2040 iste
313 1980 453 2040 mandato
475 1982 556 2041 illiers
576 1981 630 2040 tibi
654 2001 685 2040 se
704 1981 855 2042 imitatore
872 1981 967 2044 dicit.-
996 1991 1144 2064 oporteret

54 2071 80 2118 te
98 2061 295 2146 Apostolicae
316 2066 475 2124 senoniae
494 2083 651 2124 memorem
665 2063 761 2149 fieri,
779 2085 856 2148 quae
875 2067 937 2126 ait:
957 2063 1041 2124 Licet
1059 2084 1141 2142 nos,

54 2157 105 2204 aut
134 2148 261 2228 angebar
291 2147 329 2208 de
355 2147 435 2208 coelo
452 2147 535 2208 uobis
559 2148 817 2227 evangelizaverit
837 2162 964 2231 praeter
982 2147 1033 2223 id,
1060 2146 1147 2232 quod

51 2231 324 2374 cvorrgelizavrgnrs
356 2231 456 2305 nobb,
479 2231 639 2292 αιιαιὴειιια
656 2232 707 2294 sit.
750 2230 832 2292 Haec
853 2243 974 2294 sanctus
993 2230 1143 2314 Augusti-

52 2328 108 2374 nus
131 2317 223 2396 epist.
242 2333 251 2374 ι
280 2317 309 2379 5.

134 2397 218 2460 Mira
239 2397 322 2458 canit
339 2395 519 2462 Philntbeue
540 2397 579 2460 de
600 2397 756 2460 monacbis
777 2397 888 2458 montis
908 2393 992 2456 Atho
1010 2397 1042 2458 in
1072 2417 1143 2460 orn·
1246 2481 1248 2486 ι

52 2479 134 2540 tione
151 2503 200 2548 sn.
228 2492 335 2542 contra
362 2482 551 2564 Gregoram,
574 2485 660 2565 quasi
681 2481 858 2564 prophetiae
873 2479 954 2541 dono
977 2478 1142 2559 claruerint

52 2571 81 2622 st
101 2573 167 2625 tam
191 2564 277 2638 vivi,
301 2587 392 2647 qnam
413 2566 525 2626 mortui
543 2565 688 2626 miracula
708 2564 845 2626 fecerint.
886 2562 946 2624 Sed
960 2561 1159 2628 Philotheus

50 2645 108 2707 luit
127 2647 207 2710 olim
229 2669 310 2709 unus
330 2669 365 2710 ex
388 2647 546 2726 illis3non
567 2651 666 2731 potnit
686 2649 788 2711 minus
808 2647 926 2724 facere,
942 2643 1066 2706 laudare
1088 2646 1141 2718 deff

51 2727 164 2813 bebnt,
188 2753 226 2794 ex
248 2751 377 2830 puerum
399 2730 557 2814 disciplina
581 2730 743 2812 prodibat}
781 2725 823 2804 ὥς
847 2727 908 2790 eni
927 2721 1019 2790 circi
1038 2723 1140 2810 δήπου

48 2811 143 2894 πείρα
165 2815 328 2893 peiorare
350 2806 484 2892 ἔχομεν,
519 2816 594 2894 παρ’
608 2807 737 2886 ἐκείνοις
757 2805 843 2884 ὄντες
872 2807 972 2873 πάλαι
990 2816 1057 2886 τοῖς
1075 2833 1141 2888 prov

48 2875 186 2978 xnprbtg.
232 2899 289 2959 His
305 2909 403 2958 tamen
424 2899 548 2959 minime
569 2897 730 2979 impeditus
751 2897 900 2978 Gregoras
920 2893 1044 2970 etalii,
1070 2897 1139 2976 qui·
1165 2907 1168 2920 ·

45 2973 104 3040 bus
127 2983 265 3044 istorum
290 2982 357 3044 vita
374 3001 435 3044 nnn
458 2991 522 3043 erat
546 2982 717 3063 incognita,
751 2979 850 3042 dicere
876 2975 1035 3039 solebant:
1058 2977 1140 3053 Ψθῧ·
1259 3063 1261 3074 Α

46 3057 100 3136 ior
122 3055 215 3126 εἶναι
235 3057 322 3126 κενόν
343 3063 400 3125 eni
423 3057 593 3142 πλάσματα
612 3058 668 3125 καί
687 3049 782 3142 ὄχλον
802 3052 954 3146 ῥημάτων
975 3057 1083 3132 ἁπλῶς
1100 3053 1139 3122 tri

43 3142 121 3228 περὶ
148 3143 283 3210 ἐκείνων
312 3141 464 3226 λεγόμενα
494 3139 609 3210 πάντα.
654 3147 718 3208 Nec
748 3146 802 3208 abs
828 3165 860 3206 re
891 3144 946 3206 ista
980 3143 1141 3223 dicebant,

43 3246 249 3314 quocumque
269 3230 392 3292 tandem
411 3232 513 3294 animo
536 3230 610 3292 baec
631 3230 765 3292 dicerent
787 3240 816 3291 et
837 3239 1012 3311 spargerent
1033 3249 1043 3288 s
1069 3247 1142 3288 nam

43 3331 79 3372 ex
103 3313 191 3376 libro
215 3315 315 3394 primo
337 3313 538 3376 Cantacneeni
558 3316 654 3376 nostri
674 3314 799 3396 planum
819 3312 870 3390 fit,
887 3331 980 3394 quarn
1000 3309 1142 3373 monachi

39 3395 90 3458 isti
128 3408 163 3460 et
197 3396 407 3481 Hesycbastae
442 3419 542 3541 propo
567 3399 607 3459 ad
635 3397 885 3460 Massaliannrum
922 3397 1142 3463 institutionem

41 3497 114 3540 cnm
145 3503 209 3544 suo
230 3482 413 3562 nescioquo
455 3483 574 3558 umine,
597 3480 789 3564 precantibus
811 3490 842 3542 et
868 3479 1142 3562 contemplantibus

38 3561 135 3626 obiici
159 3563 279 3640 solito,
303 3565 492 3626 emerserint.
533 3563 575 3626 Et
598 3578 727 3648 quarm
745 3563 815 3626 fidei
834 3572 879 3626 est
899 3562 1008 3626 sabella
1019 3611 1030 3642 ,
1050 3582 1142 3644 qnam

40 3645 236 3710 Philotbeus
268 3658 374 3710 narrat
409 3647 448 3709 de
476 3645 602 3709 Palama
622 3647 913 3729 Constanunopolirn
938 3645 1141 3724 adventante,

36 3737 148 3792 tantam
170 3729 246 3792 fidei
280 3731 305 3793 si
332 3741 363 3792 et
392 3741 492 3794 cetera
512 3729 665 3792 Philothei
689 3731 785 3793 lector
804 3730 987 3809 arbitretur,
1009 3729 1139 3804 nullam,

36 3817 178 3894 opinor,
202 3813 321 3875 auctori
340 3815 483 3876 iniuriam
504 3813 600 3874 faciet.
641 3815 720 3893 Ait,
746 3813 903 3876 Palamatn
923 3834 979 3895 per
997 3831 1080 3874 mare
1100 3810 1141 3875 ab

34 3897 162 3981 angelis
183 3899 364 3958 comitatum
387 3919 449 3959 non
472 3899 535 3958 sine
555 3896 673 3958 caelesti
697 3895 827 3958 melodia
876 3891 919 3967 ὥς
945 3890 1141 3956 aetsinis-

32 3999 68 4040 τι
91 3973 193 4080 nupsi
218 3973 294 4052 τούς
313 3979 370 4061 τῆς
388 3977 550 4057 βασιλίδος
564 3979 627 4040 τῶν
646 3971 768 4040 πόλεων
782 3997 897 4059 ταυτης
917 3975 1044 4056 λιμένας
1064 3995 1139 4038 συν-

32 4061 270 4136 εξακουεσθαί
289 4079 353 4126 τισι
383 4061 447 4124 seir
468 4057 613 4140 εὕλαβῶν
632 4055 704 4122 τότε
725 4053 801 4134 τούς
820 4053 940 4138 ὕμνους
970 4058 1045 4139 παρ’
1056 4057 1139 4138 αι’γι.

28 4147 128 4220 πλοῖς
162 4137 325 4226 ἔστηκόσι.
366 4139 397 4208 oi
432 4139 488 4206 noi
513 4139 549 4206 τὸ
570 4139 680 4206 καινὸν
705 4142 804 4206 ἐκεῖνο
833 4143 888 4225 τῆς
915 4141 1024 4223 καινῆς
1053 4137 1138 4227 ῷὸἧς

27 4247 66 4288 u
88 4223 153 4294 eni
175 4229 236 4294 soi
255 4228 373 4310 μέλους
394 4217 690 4312 αἰιοθανμάζοντες,
726 4219 842 4292 καινόν’
861 4223 922 4310 pia
939 4245 970 4288 rt
990 4224 1046 4292 ani
1064 4215 1139 4290 iu·
