2874 4944
316 275 404 382 466
713 287 1026 362 mortuone

317 471 387 524 rent
414 473 487 520 eam
515 451 620 518 dicere
652 468 678 513 a
718 449 838 525 tlcuum
864 446 948 510 lacte
985 445 1036 508 ita
1072 442 1266 528 appellatam
1297 460 1369 514 ene,

316 561 468 628 suamque
500 551 565 600 tum
591 535 827 599 aberrationem
846 551 870 593 a
898 545 975 596 vero
1006 529 1091 590 tuen·
1107 539 1235 612 possem
1260 529 1371 588 acauri-

316 639 384 690 tate
414 622 564 700 Dionysii
592 618 758 700 Byzantii,
785 615 973 696 scribentis,
1006 612 1126 692 Syeam
1155 609 1373 695 appeltam

317 705 519 772 multitudine
540 717 570 764 et
588 697 822 788 pulchritudine
841 697 987 758 arborum
1002 693 1127 784 ficuum
1146 695 1193 754 ilti
1217 691 1375 772 provenien·

319 795 407 862 tiamz
451 790 579 873 Quanto
607 787 723 848 rectius
743 782 991 854 coniectaecent,
1025 781 1055 840 ei
1076 796 1099 839 a
1122 776 1254 840 Galatis
1275 773 1375 858 populis

319 895 392 937 eam
420 871 578 932 Galatam
598 869 799 966 nominatam
823 862 928 945 fuitne
949 863 1106 926 arbitrati
1124 873 1247 931 essent,
1268 854 1378 919 adduci
1426 901 1427 910 ,

319 955 453 1024 Ioannis
466 953 610 1028 Tzeteae,
625 953 703 1012 civit
711 945 1056 1028 Constantinopolitani
1073 956 1104 1006 et
1117 941 1379 1026 diligentitGran·

322 1040 450 1111 matici,
476 1037 578 1098 varia
607 1034 762 1108 historia,
793 1031 910 1092 abhinc
928 1027 1003 1114 sere
1031 1025 1277 1114 quadringentos
1302 1039 1380 1086 annot

323 1123 525 1204 conocn'pta,
550 1137 632 1198 quae
653 1113 774 1187 tradit,
800 1113 959 1174 Brennum
979 1109 1133 1183 Gallum,
1162 1109 1275 1172 dacem
1291 1106 1382 1168 Gallo-
1427 1141 1428 1161 ÷

320 1229 408 1284 rm,
435 1223 509 1302 quos
536 1198 654 1262 Graeci
678 1196 819 1259 Galatae
848 1193 1041 1279 appellant,
1073 1191 1255 1277 profectum
1278 1193 1382 1270 Byzan·

322 1293 414 1361 tium,
431 1287 521 1346 illinc
544 1283 729 1345 traiecisse.-
759 1278 893 1366 indeque
913 1275 1065 1358 Byzantii
1087 1278 1191 1338 loatrn
1212 1275 1385 1360 appellatum

313 1371 414 1457 fuisse
441 1369 559 1432 Perarn
584 1387 627 1428 esc
653 1363 836 1426 traiectione
860 1359 1083 1434 Galatarum,
1112 1379 1137 1422 a
1159 1363 1272 1446 quibus
1294 1369 1385 1444 posteo

322 1455 466 1519 arbitror
487 1452 585 1512 etiam
606 1447 764 1510 Galatam
784 1446 995 1530 appellatam.
1034 1443 1130 1506 Haec
1151 1457 1261 1505 autem
1283 1443 1341 1504 cita
1354 1447 1386 1500 est

318 1538 442 1624 partim
464 1536 498 1596 in
521 1523 616 1610 colle,
637 1532 760 1614 partim
778 1529 813 1590 in
831 1529 967 1610 planitie
985 1529 1130 1592 subiecta
1152 1529 1210 1591 ut
1227 1529 1326 1614 ipsum
1339 1521 1387 1585 col·
1429 1595 1430 1608 χ

322 1623 394 1698 lem,
422 1637 511 1703 quem
528 1615 614 1678 duae
633 1613 738 1675 vallet
761 1608 917 1691 efficiunt,
932 1630 999 1672 una
1022 1612 1064 1675 alt
1084 1612 1222 1686 oriente,
1251 1604 1388 1675 altered

321 1701 495 1780 occidente,
516 1711 647 1784 utroque
660 1698 758 1776 longa
777 1697 905 1758 circiter
918 1713 1012 1756 unum
1029 1693 1181 1757 milliare.
1227 1691 1389 1759 attistv-

322 1807 391 1850 tum
405 1781 553 1869 procedit
584 1801 606 1842 a
639 1779 860 1862 septemtrione
889 1777 941 1842 ad
964 1776 1148 1859 meridiem,
1170 1777 1277 1841 latum
1301 1778 1389 1862 utinm

324 1891 388 1934 non
420 1871 522 1931 minue
555 1863 699 1926 ducentis
744 1861 881 1936 assibus,
904 1875 972 1924 tam
997 1863 1149 1943 longum,
1170 1883 1272 1948 quam
1289 1862 1390 1926 valles,

323 1955 435 2042 quilius
455 1952 610 2033 utrimque
632 1947 686 2008 cla
730 1945 815 2005 itur:
839 1943 956 2006 deinde
976 1947 1179 2028 coniungitur
1196 1965 1271 2008 cum
1293 1946 1391 2028 reliqua
1431 1952 1432 2030 1

325 2033 515 2102 continentis
533 2031 678 2118 planitie.
728 2027 826 2090 cottis
852 2025 1064 2091 meridianum
1087 2029 1172 2091 latas
1194 2041 1225 2092 et
1250 2030 1393 2115 planitien

325 2119 383 2182 sule
403 2119 507 2198 ipsum
541 2115 715 2176 subiectam
747 2112 942 2173 continentes
978 2111 1157 2186 Galatam,
1194 2109 1394 2176 circumscribit

326 2204 413 2264 tinus
435 2199 609 2270 Ceratinus,
635 2196 844 2278 Istlzntumque
872 2207 904 2258 et
926 2196 1130 2278 peninsulam
1142 2195 1218 2281 sere
1244 2197 1397 2259 semicireu·
1432 2203 1433 2218 ¹

324 2287 430 2348 larem
457 2277 567 2360 efficit:
598 2290 642 2354 ut,
662 2282 691 2338 si
716 2278 835 2340 lineam
857 2279 1047 2341 incensat
1073 2299 1129 2342 ore
1150 2295 1181 2342 et
1198 2279 1346 2364 saucibus
1362 2275 1395 2336 ti·

327 2387 387 2432 nue
410 2363 460 2426 ad
481 2361 617 2424 medium
640 2381 804 2441 recessum,
823 2383 912 2446 quem
936 2365 1022 2423 tinus
1037 2362 1202 2425 Ceratinuc
1225 2359 1396 2426 insinuato

327 2449 469 2524 vallem,
489 2467 571 2533 quae
597 2445 711 2507 collem
736 2444 924 2507 Galatinum
944 2446 987 2507 ab
1012 2465 1129 2508 occatu
1150 2448 1297 2524 claudit,
1319 2441 1398 2508 inclt-

329 2553 399 2597 eum
434 2530 560 2594 videres
589 2531 675 2589 intra
706 2529 957 2606 semicirculum,
992 2549 1082 2614 quem
1112 2529 1296 2616 designaret
1323 2532 1397 2592 duca

330 2619 420 2679 linea
445 2615 597 2679 Galatam
617 2611 814 2673 accedentem
839 2613 888 2674 ad
899 2611 1047 2697 figuram
1073 2633 1163 2675 arcas
1195 2617 1327 2688 intenti,
1353 2606 1398 2672 nisi

332 2703 399 2763 eiut
430 2718 529 2760 oornu
564 2713 698 2774 vergens
732 2695 781 2756 ad
813 2715 958 2758 oetaeum
991 2697 1124 2759 dimidio
1161 2699 1289 2782 largius
1326 2710 1398 2782 quan

333 2781 492 2846 orientale
510 2791 590 2842 esset
619 2791 650 2838 et
674 2780 778 2840 minus
803 2779 939 2858 longum.
995 2779 1141 2841 Galatae
1162 2785 1316 2846 circuitus
1332 2795 1400 2842 muro

334 2863 553 2928 circumdatus
576 2871 668 2944 patet
698 2873 815 2944 qnater
837 2861 922 2924 mille
950 2872 981 2923 et
1004 2861 1258 2946 quadringentos
1289 2879 1400 2950 passos,

334 2945 475 3011 latitudo
505 2947 636 3008 varia.-
677 2963 754 3006 nam
789 2943 899 3008 media
929 2957 975 3006 eet
1002 2959 1226 3010 concentorum
1254 2964 1402 3032 passuum,

335 3049 471 3116 quorum
498 3029 613 3110 viginti
645 3027 846 3090 intercedunt
877 3031 959 3090 inter
986 3030 1089 3090 tinum
1120 3044 1151 3093 et
1178 3053 1303 3095 muros.
1351 3031 1403 3091 tan

336 3133 415 3175 vero
428 3113 584 3194 planities
601 3129 793 3196 procurrent
825 3113 909 3174 inter
927 3113 1030 3174 tinum
1064 3123 1096 3174 et
1123 3113 1238 3178 collem
1269 3115 1405 3178 dilatatur

337 3208 461 3258 centum
488 3195 651 3276 octoginta
687 3213 824 3278 pascue,
859 3196 961 3258 clivus
985 3215 1063 3258 vero
1100 3198 1134 3258 in
1165 3198 1405 3280 quadringentos.

338 3279 439 3342 Latus
460 3277 604 3340 Galatae
628 3277 786 3339 orientale
835 3290 904 3340 atet
931 3280 966 3340 in
987 3277 1191 3342 latitudinem
1222 3277 1404 3362 primo'oua·

340 3361 582 3442 dringentorum
598 3381 772 3447 passuum,
795 3297 913 3423 divide
932 3363 1132 3425 contrabitur
1153 3367 1188 3426 in
1205 3365 1356 3428 ducentos
1372 3379 1406 3420 st·

341 3447 480 3524 aagima
501 3464 621 3526 pateus.
664 3441 762 3504 Latus
789 3446 952 3528 pertinens
974 3443 1024 3506 ad
1051 3465 1196 3508 occasum
1219 3463 1321 3511 entra
1342 3455 1404 3505 vete·

342 3547 410 3590 rem
432 3527 589 3587 Galatam
611 3531 704 3588 eitum
724 3527 822 3590 habet
842 3529 967 3589 mollem
991 3529 1108 3590 clivum
1128 3544 1160 3592 et
1174 3529 1253 3613 sere
1272 3521 1408 3594 tommod

343 3607 508 3674 meridiem
529 3609 719 3684 tendentem,
746 3622 878 3695 praeter
901 3612 1053 3692 exiguam
1071 3616 1315 3694 proclivitatem
1333 3607 1407 3672 suisi-

345 3693 471 3756 dentem
493 3691 639 3755 adtolit
662 3711 807 3755 occatum
830 3694 926 3756 lanta
951 3714 1056 3756 murat
1083 3702 1204 3759 veteris
1227 3699 1362 3760 Galatae
1377 3691 1407 3750 ti·

346 3791 433 3849 tam,·
463 3777 540 3838 clivi
566 3779 648 3838 enim
684 3777 775 3839 collis
803 3777 954 3840 Galatini
981 3775 1106 3860 duplici
1130 3779 1318 3843 devexitate
1341 3774 1408 3836 Μ·

346 3877 474 3938 nantur,
498 3879 561 3920 una
579 3861 614 3920 in
633 3862 757 3938 vallet,
781 3861 891 3921 altera
905 3861 939 3922 in
958 3859 1069 3924 einum.
1115 3863 1208 3925 Unde
1219 3863 1283 3948 fit,
1307 3875 1340 3923 ut
1355 3855 1408 3919 erit

346 3947 389 4006 tit
412 3963 520 4029 prona
547 3944 666 4026 triplici
692 3942 914 4028 proclivitate,
944 3964 1011 4004 una
1042 3965 1067 4006 a
1090 3947 1355 4027 ‘septemtrionibus
1375 3933 1409 3998 td

348 4026 524 4102 meridiem,
549 4029 653 4088 altera
678 4023 728 4088 ad
749 4040 851 4087 ortum
870 4027 960 4100 tolie,
981 4029 1077 4090 tertia
1098 4027 1150 4090 ad
1172 4049 1328 4093 occasum
1360 4023 1407 4083 Bt·

348 4111 473 4171 olivitas
495 4129 554 4187 per
569 4107 711 4170 mediam
732 4109 873 4171 Galatae
901 4107 1100 4172 latt'tudinem
1131 4109 1305 4176 decurrent
1333 4101 1408 4170 tendi

351 4211 376 4254 a
397 4193 665 4276 septemtrionibus
693 4190 742 4254 ad
763 4190 951 4276 meridiem,
980 4193 1028 4256 ita
1052 4215 1186 4280 prona,
1212 4211 1246 4260 ut
1272 4199 1308 4260 in
1325 4189 1406 4258 ntulit
