2874 4944
293 341 351 406 tn
377 339 838 414 castremetati.
1019 323 1101 429 λὸι

42 501 162 573 ceretur,
190 496 222 558 in
252 500 452 580 stranguriam
480 499 637 578 incidisse,
668 525 749 586 quea
768 502 924 568 molestior
946 507 976 584 ei
994 507 1107 587 iirerit,

43 595 122 674 qnam
140 587 235 642 cetera
256 583 380 661 omnia,
409 605 488 666 quae
507 607 666 670 perpessus
687 599 784 666 esset,
818 610 958 666 carcere,
987 595 1109 652 iactura

40 659 201 760 dignitatis,
221 684 315 747 opum
332 669 507 752 ereptione,
526 668 634 731 vilium
656 671 818 734 hominum
839 672 1059 738 obtrectatione
1079 685 1110 740 et

40 755 170 830 contrito.
199 769 332 810 ronnas.

109 825 263 912 Pergase,
271 853 300 913 7.
321 827 355 906 ἓξ
379 831 422 897 Μ.
448 850 569 915 quoque
588 857 646 920 pro
667 828 760 898 ἓιιτιὶ.

106 907 183 994 Pag.
191 914 261 991 306,
271 935 299 999 7.
322 906 433 976 ἐνάτου
456 917 502 976 Μ.
526 919 572 981 lta
594 923 686 982 etiam
705 920 794 986 inira.

107 992 182 1078 rag.
193 996 263 1079 306,
274 1017 307 1082 9.
317 994 460 1077 πέμπτον
472 999 518 1060 M.
527 1023 665 1086 quoqne,
682 1003 734 1066 sed
746 1014 827 1066 recte
837 1002 918 1068 idem
940 1004 993 1070 lin.
1014 1027 1060 1068 ro.
1075 1025 1111 1094 5.

301 1397 361 1462 AD
386 1397 550 1464 LIBRUM
575 1399 825 1467 SECUNDUM.

102 1555 306 1648 Pergama.
325 1564 409 1628 rora
430 1565 475 1631 Μ.

53 1723 59 1738 ⁸
99 1641 307 1728 Papinum
340 1646 620 1713 ratiortcrdtri.
670 1648 808 1713 Nimium
827 1657 976 1732 quantum
1005 1647 1113 1716 abhis

26 1717 115 1787 thena
153 1731 307 1816 longeque
346 1733 549 1799 diversissima
572 1735 724 1818 Gregoras
757 1733 812 1794 lib.
854 1731 916 1794 .de
940 1735 1114 1797 conditione

25 1809 75 1906 ³5¹⁹.
87 1807 286 1889 Andronici,
308 1837 369 1900 qua
390 1815 502 1898 fuerit,
536 1829 624 1900 capta
644 1839 662 1880 a
683 1829 794 1901 nepote
825 1754 852 1878 ἃ

23 1906 121 1985 vtxtsse
145 1898 320 1962 miserrima
362 1911 393 1962 et
424 1903 456 1962 in
477 1913 609 1964 extreme
630 1901 754 1964 demum
775 1910 905 1984 egestate
924 1901 1020 1962 vitem
1046 1903 1114 1962 fim-

25 1989 105 2040 Vssoe.
148 1981 312 2064 Gregorae
332 1983 490 2046 mendacia
511 1995 679 2070 sequuntur
711 1989 905 2046 continuator
935 1981 1051 2066 Glycae
1084 1995 1115 2046 et

21 2054 85 2135 alii,
106 2059 386 2150 Andronicumque
412 2068 563 2144 iuniorem
594 2079 760 2153 tyrannum
789 2079 819 2128 et
841 2064 1022 2148 parricidam
1042 2068 1116 2130 saci·

21 2149 82 2202 unt.
122 2145 175 2208 Tu
196 2149 266 2232 ipse
290 2148 396 2233 leges,
422 2154 448 2214 si
469 2151 573 2233 voles3
604 2173 653 2214 me
684 2155 766 2214 enirn
790 2150 841 2212 illa
862 2147 923 2210 huc
942 2149 1050 2212 afferre
1068 2154 1116 2234 pi·

19 2235 64 2302 get
85 2230 239 2308 profecto.
283 2231 345 2296 Sed
375 2237 513 2298 omnium
542 2235 749 2298 falsidicorum
769 2233 893 2297 illorum
919 2233 1114 2298 anteambulo

19 2317 57 2368 eti
79 2311 247 2396 Gregores.
268 2336 399 2381 ronnas.

34 2472 41 2486 ,
92 2393 266 2480 Pas-3¹¹,
282 2398 332 2463 15.
355 2393 460 2484 πικῆν.
501 2401 675 2468 Verisimile
698 2401 744 2483 iit,
759 2393 834 2483 πικὴ
855 2399 907 2464 hic
927 2398 1056 2484 vectigal
1078 2421 1114 2464 ex

16 2489 96 2552 prce,
117 2479 180 2544 ltoc
203 2494 274 2560 est,
296 2504 314 2546 e
333 2482 447 2548 fodinis
465 2485 585 2568 pinariis
606 2487 630 2548 si
674 2487 794 2548 ificare:
825 2485 897 2546 inde
916 2489 1000 2546 enim
1021 2485 1112 2566 pendi

13 2556 131 2624 Solitum
153 2564 309 2648 vectigal,
331 2579 423 2650 patet.
443 2571 587 2636 Pandeet
609 2509 730 2631 lilufio.
748 2569 796 2634 tit.
816 2567 855 2630 de
875 2568 998 2634 verbor.
1018 2570 1114 2650 signi-

12 2637 83 2710 ficat.
126 2646 270 2710 Publica
303 2653 483 2734 vectigalia,
518 2654 636 2736 inquit,
666 2652 831 2732 intelligere
866 2651 1031 2728 debemus,
1072 2673 1115 2714 ea·

11 2727 112 2806 qw'bns
136 2732 383 2818 νεαιζαίῥειιε
404 2738 502 2819 capit.-
533 2735 622 2820 quale
641 2749 685 2796 est
704 2733 834 2814 vectigal
856 2747 960 2818 pareres
988 2734 1040 2802 tel
1060 2756 1114 2794 ve·

9 2811 119 2874 'talium
142 2836 274 2878 renem:
306 2817 374 2878 item
402 2819 571 2878 solitarum
600 2831 631 2878 et
654 2817 843 2879 ntctallonrm
869 2829 899 2878 et
923 2817 1113 2901 picarrarrwt

853 1817 1112 1900 cnstantinopolit
1208 1875 1211 1894 ,

7 2889 90 2966 (male
111 2899 200 2960 enirn
222 2899 335 2982 legitur
348 2901 572 2986 pr'scara'rrrum).
614 2899 770 2978 Picariae,
794 2900 940 2982 inquam,
953 2899 992 2961 ad
1009 2899 1112 2962 reddi·
1205 2899 1217 2924 ⁴

4 2983 50 3036 ²¹¹³
71 2981 195 3064 regales
217 2984 394 3066 pertinent,
421 2995 453 3047 et
480 2985 580 3067 picem
604 2984 739 3046 fossilem
771 2985 903 3050 inveniri
924 2985 1112 3064 scriptume

2 3055 100 3128 Plinio
125 3065 184 3128 lrb.
211 3064 262 3128 16.
276 3087 343 3149 cap.
367 3087 428 3131 ra..
460 3067 521 3132 Sed
549 3067 598 3130 his
623 3066 725 3129 obstat
753 3059 922 3150 Gregoras,
957 3067 1011 3148 qui
1031 3064 1112 3128 libro

9 3164 81 3208 ono
102 3149 147 3212 de
167 3150 283 3212 eadem
297 3171 331 3214 re
345 3149 492 3254 loquens,
504 3153 548 3214 ait
561 3150 772 3214 Andronicum
785 3153 935 3212 iuniorem
946 3153 1112 3232 assignasse

7 3247 57 3291 vo
78 3227 142 3312 τήν
164 3227 314 3295 ἐπέτειον
333 3235 492 3317 necandos
516 3233 572 3316 τῆς
587 3229 782 3314 ἁλιευτικῆς,
803 3253 935 3296 αιιιιιιιιηι
960 3233 1110 3298 reddimur

5 3315 202 3393 πεινήσειν,
221 3308 243 3396 ἦ
260 3309 321 3399 πρὸ
339 3319 398 3381 τοῦ
414 3317 595 3396 Βυζαντίου
616 3317 753 3380 τελεῖται
767 3315 842 3378 δέκα
856 3311 1013 3395 χιλιάδων
1032 3315 1110 3390 τέως

4 3389 17 3410 ”
49 3421 128 3462 tarn
143 3389 267 3462 οὖσαν.
309 3401 440 3466 Videtur
459 3421 531 3486 ergo
554 3400 631 3463 illud
652 3397 726 3482 πιιιὴ
754 3401 856 3483 potius
876 3423 894 3463 a
916 3401 1025 3463 Latino
1052 3421 1109 3476 νο-

18 3479 107 3546 bulo
115 3484 247 3570 priscis,
269 3502 362 3565 quem
390 3508 410 3549 a
424 3487 496 3572 pice
516 3496 682 3568 sumptum.
702 3505 837 3551 courir.
879 3483 1110 3568 παρέσχετοτιι-

12 3559 51 3644 ἦν
64 3569 129 3644 Μ.,
153 3578 196 3630 ut
218 3569 465 3653 coniungendam
484 3571 523 3632 sit
542 3565 684 3652 παρέσχε
705 3561 846 3651 τοπικὴν.

78 3651 264 3732 Pag.3ta,
279 3649 310 3712 5.
330 3645 374 3734 μὴ
394 3673 443 3726 τις
463 3647 518 3714 διὰ
539 3653 586 3714 Μ.

75 3733 260 3816 Βωμῶν,
270 3732 303 3796 6.
327 3735 469 3814 ἀχθέντα
491 3735 534 3799 Μ.
553 3755 616 3820 mg.
635 3754 692 3818 pro
713 3727 861 3798 ἐλθόντα.

78 3815 300 3900 Pag.312,8.
322 3819 666 3904 Byzantinosque
685 3817 949 3900 postliminio*
967 3835 1107 3878 rever·

7 3921 63 3964 us.
90 3903 283 3984 Gregoraer
299 3899 435 3983 Magnus
455 3913 555 3964 autem
581 3901 728 3982 logotheta
753 3901 794 3960 ab
813 3901 912 3962 exilio
946 3921 1105 3972 reversus,

13 4007 49 4046 en
75 3987 174 4048 domi
201 4003 275 4046 strae
296 3983 442 4064 divertit,
467 4005 565 4070 quac,
594 3998 625 4044 ut
654 3985 722 4044 iam
750 3983 900 4060 dicimus,
922 3983 1106 4066 imperatore

22 4069 95 4132 bem
115 4071 285 4150 t'rrgresso,
301 4070 424 4153 pridem
441 4082 510 4130 erat
532 4067 684 4130 dimanet
703 4077 828 4128 vastata
846 4085 971 4150 prorsus
997 4087 1018 4126 ιι
1047 4087 1106 4166 po·

38 4175 78 4214 o:
109 4153 175 4214 sed
203 4152 239 4212 t'n
265 4154 327 4213 cirre
356 4153 492 4230 vicima,
520 4153 554 4213 in
572 4151 686 4214 Clarae
707 4151 907 4226 monasterio,
934 4149 1017 4231 quod
1042 4170 1106 4236 rpse

8 4251 87 4302 ntea
108 4235 243 4320 magru'r
259 4237 421 4322 rurrptr‘bro
444 4237 634 4300 incurrerat
649 4245 704 4298 eie
731 4251 863 4298 ronnas.
