3098 4928
307 257 337 361 l
745 285 950 352 rectocnt

308 443 430 498 simonia
442 459 595 512 procerum,
609 407 687 516 qaoll
703 444 799 495 Annae
817 455 843 495 et
852 443 922 518 filio
931 439 1022 516 fidem
1035 441 1210 514 adstringere
1220 441 1311 498 coacti
1319 444 1387 495 sint.-

307 515 402 567 amlsos
423 511 546 585 desindit
562 515 728 634 imperator,
752 513 862 580 stillas
883 525 1011 576 excusat,
1037 515 1088 586 qui
1104 532 1132 566 se
1150 516 1260 586 utrique
1271 513 1386 584 fidelem

299 588 428 658 futurum
446 601 504 635 non
520 597 588 654 puta
607 593 663 634 ant.
698 583 861 638 Necessario
882 601 909 636 se
927 580 966 634 ad
983 585 1124 654 imperium
1138 585 1282 637 accessisse
1292 596 1320 637 et
1335 587 1387 634 im-

304 655 442 726 peratrici
458 671 492 704 ac
504 653 579 724 jiliis
599 653 658 706 eius
677 653 814 722 infinsum
832 672 889 706 non
910 669 974 706 esse.
1010 651 1140 708 Seditiosi
1155 655 1240 706 etiam
1259 653 1293 706 ab
1307 653 1389 706 irene

234 762 237 772 .
307 741 394 777 uxore
411 724 600 792 repelluntur.-
612 722 709 794 filium
725 723 893 776 Matthaeuns
911 721 951 774 ad
965 719 1144 790 desectionem
1162 738 1180 774 a
1195 735 1332 793 patrm-et
1350 719 1392 774 ad

304 794 503 866 principatum,
522 795 631 862 aliquot
649 790 761 844 urbibus
782 793 812 843 in
829 805 987 860 potestatem
998 792 1130 857 redactis,
1147 793 1202 844 sili
1215 791 1388 846 condendum

301 867 441 935 principes
460 863 624 916 sollicitant·
661 864 718 916 Cur
730 859 769 913 acl
780 863 857 916 illum
869 863 1037 916 desciverint
1049 867 1096 932 (7).
1131 862 1291 916 Matthaeus
1303 877 1390 933 quae·

306 933 370 987 dam
393 931 494 1004 oppida
511 933 567 984 sihi
590 930 687 984 subdit.
724 935 816 984 Mater
831 934 925 1006 filiunt
943 931 982 984 acl
998 937 1142 988 sanitatem
1161 945 1283 986 revocat.
1318 932 1392 984 Eius

297 1005 425 1078 feminae
446 1005 517 1061 laus.
552 1000 737 1064 Andronicus,
757 1003 965 1058 minimusnatu
975 1001 1060 1076 filius
1079 1021 1094 1058 e
1113 1003 1211 1066 tribus,
1226 1001 1390 1072 pestilentia

304 1075 441 1128 moritur:
459 1074 526 1138 eius,
532 1073 708 1143 pestilentiae
730 1071 842 1142 elegans
859 1072 1019 1142 descriptio.
1056 1075 1130 1140 Quas
1147 1074 1283 1124 utilitates
1294 1073 1325 1123 in
1338 1071 1390 1122 ho-

306 1147 408 1197 minum
427 1145 528 1196 animis
546 1143 598 1194 illa
615 1143 675 1193 lues
694 1139 823 1211 ffcerit.
864 1145 1018 1212 Imperator
1038 1161 1097 1195 cum
1122 1159 1224 1212 genera
1250 1139 1389 1194 Thraciae

305 1216 386 1270 urbes
404 1215 472 1274 obit,
492 1215 604 1283 eiusque
626 1212 666 1263 ad
681 1213 808 1264 militiam
826 1210 972 1266 habilitate
990 1214 1114 1266 laetansr
1124 1214 1173 1282 (8).
1209 1211 1252 1265 Ad
1264 1212 1391 1262 Clemen-

305 1297 357 1340 tem
374 1301 474 1356 papam
491 1283 605 1352 legatio,
624 1301 682 1353 qua
697 1299 727 1335 se
744 1279 778 1334 de
797 1282 923 1335 barbaris
942 1284 973 1333 in
983 1284 1121 1334 auxilium
1138 1281 1255 1334 adscitis
1264 1291 1388 1334 excusat:

305 1373 383 1426 opem
400 1371 476 1407 suam
497 1350 621 1423 spondet,
639 1354 664 1406 si
682 1367 741 1402 cum
756 1353 930 1421 principibus
949 1351 1116 1403 Christianis
1132 1354 1164 1402 in
1181 1353 1316 1403 barbaros
1333 1351 1391 1401 lel-

304 1427 361 1478 lum
378 1425 515 1486 suscipere
533 1419 611 1476 ve'lit.
655 1419 804 1473 Laudatur
822 1439 839 1472 a
855 1440 936 1493 papa.
972 1422 1070 1482 Leaati
1089 1421 1165 1472 dicta
1199 1421 1391 1474 Cantacuseni

307 1497 338 1547 in
361 1491 557 1564 ephemeridem
582 1492 714 1561 refluunt
751 1491 826 1558 Papa
844 1491 877 1543 de
902 1509 970 1544 cura
990 1509 1056 1558 erga
1078 1489 1278 1543 adolescentem
1306 1493 1389 1557 impe-

306 1575 426 1617 ratorem
450 1575 475 1616 et
494 1575 605 1614 matrem
624 1563 653 1613 ei
669 1559 778 1628 gratias
795 1561 872 1629 agit:
890 1561 930 1612 ad
940 1561 1116 1613 ecclesiarum
1129 1557 1305 1613 concordiam
1320 1575 1388 1608 con·

303 1631 456 1688 ciliandam
477 1631 590 1686 eundem
607 1631 744 1685 hortatur.
779 1630 852 1682 Petit
868 1633 901 1682 al
921 1649 953 1684 eo
974 1633 1124 1702 imperator
1136 1629 1307 1682 Concilium.-
1320 1645 1387 1696 pro-

304 1707 443 1757 mittitur:
460 1699 509 1754 sed
528 1703 599 1754 lello
616 1701 719 1752 Italica
740 1715 785 1751 res
802 1699 931 1770 diffitetur
946 1703 996 1770 (9).
1038 1703 1149 1754 lnterea
1171 1699 1299 1771 pontifex
1325 1697 1388 1748 vita

303 1774 481 1845 defungitur:
502 1772 543 1821 ita
564 1787 597 1823 es
620 1779 771 1838 reparata
794 1772 932 1840 imparata
952 1771 1054 1824 evadit.
1092 1773 1278 1841 Tomprotisas
1296 1767 1388 1818 uelem

303 1843 400 1897 tradit.
436 1842 535 1894 Persae
550 1841 833 1910 populatos-escwi.
853 1843 944 1911 capti:
962 1843 1100 1910 reliquiae
1118 1843 1149 1893 in
1170 1842 1265 1893 collem
1286 1838 1387 1906 confis-

303 1917 392 1986 3iunt.
429 1909 579 1979 Nicephari
595 1907 722 1979 despotae
740 1912 898 1978 periculosa
915 1914 1063 1965 temeritas.
1097 1913 1197 1964 Persae
1221 1909 1323 1962 donati
1339 1905 1389 1957 do-

305 2001 375 2036 mum
402 1984 587 2033 remittuntur·
637 1979 775 2032 Matthaei
791 1979 857 2052 filii
880 1998 1028 2050 generosus
1052 1983 1160 2033 aninuts
1186 1981 1219 2032 in
1245 1977 1388 2047 conflictu.

306 2053 492 2106 Victoriarum
506 2051 599 2102 nuntii
609 2050 750 2132 utrinque.
789 2053 918 2104 Calculus
933 2054 1110 2121 imperatoris
1127 2064 1153 2104 et
1169 2048 1200 2102 s'n
1219 2047 1312 2102 morlo
1325 2048 1390 2098 viss·

302 2139 349 2178 tus
360 2120 426 2190 (so).
464 2121 555 2186 Quare
570 2121 699 2171 Galataes
716 2117 815 2170 bellum
834 2123 997 2190 imperatori
1003 2121 1147 2192 ficerint:
1164 2121 1281 2188 spatium
1295 2119 1389 2184 regio·

304 2197 349 2245 nis
366 2209 449 2262 supra
470 2191 563 2244 urbem
580 2190 661 2261 vafi'e
677 2201 790 2258 petunt,
809 2208 860 2242 nec
879 2192 1044 2260 impetrant:
1074 2192 1164 2244 asinis
1183 2200 1390 2259 comparantur.

303 2265 415 2318 Damna
439 2259 473 2312 al
499 2263 534 2312 iis
559 2276 611 2330 pet·
634 2257 792 2312 incendium
814 2261 898 2314 illata
920 2262 1072 2327 Byzantiis.
1113 2263 1146 2313 ln
1170 2261 1273 2311 tumulo
1290 2259 1390 2310 turrim

304 2333 445 2384 excitant:
471 2329 589 2400 spatium
614 2347 692 2382 mura
717 2331 905 2397 intercipiunt.
946 2333 1116 2383 Mes-catores
1132 2342 1159 2382 et
1176 2330 1288 2403 opifices
1306 2344 1333 2390 se
1354 2323 1389 2377 sle

306 2401 450 2456 Galataeis
480 2397 625 2452 vindicari
651 2412 741 2452 orant.
787 2401 892 2454 Eorum
919 2399 1043 2468 lapidum
1073 2399 1225 2452 iaculatrix
1251 2396 1389 2450 machina.

304 2477 379 2524 Saso
400 2470 641 2540 Constantinopoli
660 2471 787 2523 Galatam
804 2483 1002 2540 pertormensa
1015 2470 1144 2541 displosa.
1182 2469 1317 2522 Oneraria
1330 2483 1390 2518 cum

302 2541 431 2594 machina
445 2530 603 2610 depressa*
620 2541 802 2593 Genucnsium
815 2543 948 2594 oneraria
962 2542 1123 2610 intercepta·
1159 2537 1391 2592 Bellum’navale.

302 2613 458 2680 Imperator
477 2611 571 2663 victus
599 2611 720 2663 animum
737 2611 871 2665 excelsum
883 2614 996 2672 munst,
1015 2614 1126 2665 classem
1139 2620 1261 2678 reparat.
1299 2608 1391 2658 Victo-

304 2701 349 2736 res
372 2681 557 2751 triumphant:
583 2697 676 2734 eorum
698 2682 729 2733 in
753 2683 834 2734 victis
860 2681 1065 2734 contemnendis
1088 2679 1246 2734 insolentia.
1289 2679 1391 2730 locum

305 2749 442 2814 reddunt,
466 2768 545 2822 queas
567 2753 607 2803 eis
633 2750 784 2806 imperator
806 2749 892 2802 donat
913 2752 979 2821 (ss).
1014 2754 1055 2804 De
1073 2752 1160 2804 nimia
1178 2750 1324 2802 exactione
1343 2763 1391 2796 ta·

303 2823 417 2875 lamnia.
457 2821 561 2872 Causae
586 2819 761 2872 insolitorum
785 2822 957 2872 tributorum.
994 2822 1093 2872 Chium
1104 2822 1262 2872 Genuenses
1280 2815 1391 2868 tandem

305 2894 463 2944 restituunt.
508 2889 666 2944 Calothetus
687 2891 837 2944 Phocaeam
862 2891 1019 2962 praefectus
1046 2892 1166 2942 mittitur
1187 2891 1256 2957 (ια).
1297 2888 1390 2940 Status

303 2961 487 3030 Peloponnesi
511 2957 690 3012 miserandus.
735 2964 851 3015 Manucl
860 2961 946 3034 filins
972 2962 1157 3028 imperatricis
1182 2967 1298 3028 praetor
1319 2955 1390 3008 elesi-

303 3045 403 3101 gaatus
422 3025 492 3102 qaid
503 3030 542 3081 ili
559 3031 682 3100 gesserit.
720 3031 814 3083 Vincit
831 3033 919 3082 hostes
935 3043 960 3082 et
978 3033 1106 3098 ignauis.
1146 3029 1242 3082 Latini
1257 3026 1388 3079 Achaiam

304 3114 428 3155 tenentes
460 3102 544 3153 amici
566 3117 600 3152 ac
622 3101 695 3152 socii
707 3101 795 3174 fiunt.
840 3101 914 3152 Laus
933 3099 1053 3152 eiusdem
1074 3100 1215 3154 Manuelis
1233 3113 1251 3146 a
1269 3093 1390 3167 placidis

304 3183 331 3224 et
350 3173 465 3240 integris
478 3171 597 3222 moribus
610 3169 675 3239 (13).
710 3173 835 3224 Lazarus
850 3172 1117 3236 Hierosolymitanus
1130 3180 1285 3228 accusatus,
1302 3162 1393 3236 gradu

306 3242 440 3309 pellitur:
449 3241 528 3310 ssime
539 3239 700 3310 affligitur:
719 3260 737 3291 a
757 3242 902 3293 Galatasis
918 3239 957 3291 ad
964 3240 1041 3312 fidei
1057 3242 1272 3294 communionem
1281 3238 1393 3288 inuita-

305 3324 347 3364 tus
362 3321 489 3362 recusat:
508 3310 629 3362 iniurias
647 3312 812 3362 contemnit:
830 3309 952 3362 hostibus
968 3312 1024 3362 suis
1039 3309 1171 3362 traditur.
1206 3305 1393 3360 Patriarclsas

306 3383 414 3431 ineam
439 3390 467 3432 et
491 3377 650 3430 humanitas
680 3392 707 3430 et
728 3379 927 3434 inhumanitas.
969 3386 994 3432 A
1019 3381 1211 3432 Cantacuseno
1230 3379 1337 3448 legatus
1355 3371 1396 3427 atl

305 3446 449 3502 Sullanum
466 3450 584 3531 Aeqypti
598 3466 650 3519 pro
671 3448 838 3502 Christianis
857 3463 881 3501 et
897 3467 947 3502 sua
967 3453 1141 3502 restitutione
1159 3449 1284 3500 mittitur.
1320 3445 1393 3514 Epi-

305 3521 378 3572 stola
398 3519 511 3571 Sultans
531 3519 727 3588 responsaria:
745 3519 776 3570 in
792 3532 913 3572 extrema
927 3521 1114 3574 Cantacuzeni
1128 3519 1191 3572 laus
1201 3518 1265 3588 (14).
1303 3517 1392 3568 aera-

307 3592 391 3645 simus
408 3591 506 3642 iterum
523 3591 659 3642 Lazarum
677 3587 753 3657 apud
770 3591 913 3642 Sultanum
935 3605 1066 3642 accusare
1083 3607 1199 3661 parans,
1221 3589 1251 3640 in
1268 3589 1318 3640 uia
1335 3599 1394 3638 nto·

308 3661 390 3715 ritur.
433 3661 578 3714 Successor
603 3659 715 3712 Sullani
739 3659 880 3712 Sichuntis
901 3659 1108 3730 archisatrapae
1129 3661 1245 3729 impulsu
1262 3660 1293 3710 in
1314 3656 1397 3712 Chri·

307 3732 414 3782 stianos
431 3731 531 3786 saevit.
566 3731 623 3781 Cur
636 3728 767 3781 lacebitis
784 3727 935 3781 haereticis
955 3729 1056 3782 Siclsun
1074 3729 1234 3800 pepercerit.
1270 3728 1395 3782 lazarus

309 3801 488 3863 flagellatur:
515 3797 670 3852 Christiani
697 3797 867 3851 damnantur
891 3799 1024 3866 eufimia,
1051 3801 1192 3870 ceteroqui
1210 3815 1227 3848 a
1250 3799 1396 3868 suppliciis

309 3871 447 3924 immunes.
492 3869 618 3923 Palamas
649 3867 863 3922 Yhessalonicae
886 3883 995 3924 creatus
1018 3872 1176 3940 episcopus,
1203 3885 1222 3920 a
1245 3867 1396 3938 praefictis

309 3938 484 4008 repudiatur,
505 3941 555 4012 qui
572 3939 665 3992 urbem
686 3957 763 3992 suam
777 3939 879 4010 jacere
905 3952 1049 3992 conantur.
1084 3938 1212 3994 Andreae
1231 3938 1396 4008 Palaeolagi

311 4009 342 4059 in
370 4012 561 4076 imperatorem
585 4007 707 4062 audacia
723 4009 790 4076 (15).
834 4010 963 4062 Callistus
982 4010 1090 4062 lsidoro
1105 4008 1284 4078 patriarchae
1299 4025 1395 4062 succe·

310 4075 361 4128 dit.
396 4078 551 4144 Imperator
567 4097 626 4131 cum
645 4095 731 4131 usare
751 4079 961 4134 monachismum
972 4079 1128 4132 meditatur.
1168 4078 1394 4131 Thessalonicen-

309 4163 352 4198 ses
368 4163 442 4216 opem
459 4151 583 4214 rogitant
599 4147 767 4219 suppliciter.
801 4148 997 4220 Palaeologum
1015 4149 1081 4202 urle
1100 4149 1226 4218 exigunt,
1244 4166 1325 4218 quam
1338 4150 1394 4201 Ze-

310 4215 384 4270 lotae
415 4216 492 4268 Crals‘
515 4218 625 4274 tradere
648 4215 765 4274 student.
809 4219 996 4276 Barbarorusn
1016 4237 1074 4274 asos
1096 4221 1127 4274 in
1151 4220 1264 4273 aemulis
1282 4218 1394 4290 imperii
