2948 4932
317 327 372 390 nn
401 325 680 394 etnuscuzttnt
715 331 788 392 un.
819 335 844 392 1.
1041 306 1127 418 ‘l29

52 494 85 542 ut
102 483 152 566 psci
171 483 378 544 haumarum
399 480 616 563 asbmctamque
631 483 793 542 materiam
813 479 875 541 Dei
889 484 1021 562 imagini
1028 501 1126 568 prae-

39 569 160 644 strant.
200 565 317 662 Siquis
340 577 440 626 auam
461 564 766 647 deprelscnsusssoerit,
787 566 1021 628 shsmacnlatam
1043 587 1126 628 com·
1234 569 1236 576 ‘

51 659 214 710 nuuuonem
236 669 278 708 ess
299 649 483 732 impartiens,
507 659 535 706 ct
559 648 620 728 ipse
646 659 823 726 segregetur,
851 661 881 708 et
898 650 991 734 isqui
1014 649 1127 729 adfin.

51 732 150 807 Quem
170 751 315 792 mnonem
347 730 506 792 Balsamon
529 727 647 790 scholiis
678 728 830 790 illustsans
852 733 989 792 eumdem
1011 753 1125 794 morem

50 813 159 875 firmat.
191 815 258 876 Etsi
277 813 403 890 indicat,
421 833 475 874 sna
488 821 584 874 aetate
606 809 755 894 aliquibus
770 812 910 891 ecclesiis,
926 815 1126 892 (Graecanicis

49 894 200 972 videlicet,
221 897 260 958 de
279 897 326 960 his
340 899 420 956 enim
442 895 525 978 loqui
544 894 684 973 videtui-,l
696 893 789 957 alium
804 917 893 957 nsum
910 896 1001 958 finisse
1013 899 1044 958 in
1056 919 1125 960 usu.

49 977 116 1040 Nee
134 983 204 1041 satis
224 980 299 1042 mihi
319 989 518 1063 compertum,
544 998 582 1039 an
605 988 635 1038 ct
652 978 742 1039 hodie
762 979 867 1057 eadam
888 979 1074 1042 consuetudo
1093 985 1125 1043 in

50 1061 176 1124 Graecia
196 1075 375 1144 perseveret.
410 1063 502 1144 Apud
522 1064 644 1122 Latinos
662 1072 741 1124 certe
754 1061 852 1132 desiit,
867 1066 1125 1146 proscriptacirca

48 1155 184 1226 tempora
197 1146 373 1208 Hormisdae
386 1167 481 1229 papae
494 1145 552 1208 hoc
575 1143 692 1206 concilii
705 1145 971 1227 caesaraugustani
986 1149 1123 1210 danus

47 1227 263 1291 Eucharistiae
272 1233 408 1312 gratiam
431 1231 459 1289 si
483 1229 550 1313 quis
565 1228 715 1312 probatur
730 1243 891 1313 acceptam
915 1251 975 1292 non
989 1229 1125 1293 consual-

43 1315 139 1394 psisse
159 1315 193 1374 in
217 1315 364 1388 ecclesia,
390 1313 558 1374 mamma
582 1313 621 1372 sit
646 1313 677 1372 in
787 1325 878 1374 esaim.
899 1313 990 1390 Quod
1018 1324 1123 1396 postea

14 1435 15 1448 1
48 1394 264 1476 approbatione
283 1399 419 1458 omnium
439 1406 611 1476 receptum,
629 1396 691 1456 vim
712 1415 748 1456 so
769 1415 864 1477 usque
884 1395 957 1478 legis
979 1396 1126 1479 generalis

47 1478 221 1559 adquisivit.
243 1478 303 1540 Nec
323 1480 422 1542 minus
441 1477 569 1540 exolevit
588 1497 654 1538 mos
673 1476 749 1538 alter
766 1477 808 1538 oh
828 1480 1025 1540 reverentiam
1040 1489 1125 1540 tanto

46 1572 236 1624 sacramento
257 1561 401 1624 debitams
432 1561 495 1624 Par
516 1564 598 1624 enim
618 1571 674 1640 ast,
695 1572 730 1622 ut
742 1581 790 1622 res
804 1563 939 1624 omnium
962 1567 1125 1624 amatissi-

46 1665 101 1705 ma
124 1666 185 1706 non
206 1645 264 1706 nisi
287 1645 465 1708 consecratis
494 1644 633 1706 manibus
653 1646 836 1728 attingatur,
856 1645 925 1706 licet
943 1647 1052 1706 Latina
1076 1667 1126 1708 cc·

44 1725 140 1788 clesia
158 1727 274 1790 nullam
294 1727 378 1792 litem
398 1731 531 1791 Graecae
550 1727 591 1790 ob
605 1731 786 1790 annuariam
806 1730 1052 1790 consuetudinem
1065 1749 1126 1790 mo·

45 1813 139 1884 verit,
158 1825 194 1873 ut
213 1832 269 1872 nec
290 1813 405 1874 Graeca
425 1813 561 1878 Latinae.
603 1812 671 1872 Huc
692 1813 772 1871 enim
795 1810 846 1873 vel
866 1813 995 1872 maxime
1014 1822 1127 1893 spectat

44 1893 205 1974 praeclara
225 1893 277 1956 illa
297 1896 360 1956 divi
380 1896 542 1970 Augustini
562 1894 740 1974 admonitio,
761 1895 847 1976 epist.
872 1893 938 1958 1¹8.
957 1895 997 1956 ad
1017 1897 1127 1956 lanus·

44 1978 153 2038 rium:
188 1978 302 2040 Faciat
329 1980 531 2064 unusquisque,
559 1978 644 2062 quod
660 1978 819 2039 scandum
835 1977 939 2063 fidem
963 1999 1053 2040 suam
1073 1983 1126 2062 pic

45 2061 146 2120 eredit
169 2081 229 2122 esse
237 2061 439 2140 faciendum.
480 2061 593 2123 Nesaee
609 2063 688 2122 enim
705 2081 807 2122 eorum
835 2063 1001 2123 exhonorat
1021 2081 1128 2145 corpus

45 2157 80 2202 et
105 2148 278 2223 sanguinem
308 2143 447 2221 Domini,
475 2145 503 2206 si
526 2143 757 2206 saluberrimum
783 2157 1009 2206 sacramentnm
1030 2159 1127 2206 certa-

40 2226 101 2286 tim
120 2227 266 2288 honorare
289 2227 484 2303 contendatis
503 2228 684 2311 nequeenim
705 2228 901 2307 litigaturum
920 2229 999 2288 inter
1017 2247 1057 2306 se,
1073 2241 1129 2290 aut

42 2309 205 2394 quisquam
221 2331 322 2370 eorum
340 2333 371 2372 se
391 2311 484 2372 alteri
496 2311 679 2409 praeposuit
693 2310 857 2371 Zachaeus
876 2311 968 2371 stilla
985 2313 1125 2388 matraio,

42 2413 117 2454 cum
136 2393 214 2453 alter
225 2413 324 2454 eorum
343 2393 476 2475 gaudens
489 2415 523 2454 sn
541 2393 659 2454 dannan
674 2413 757 2453 sunm
771 2395 930 2477 susceperit
939 2393 1125 2470 Dominum,

42 2477 128 2536 alter
140 2475 236 2552 dicit,
262 2497 322 2537 ison
343 2499 408 2538 suns
426 2477 549 2559 dignus,
561 2490 594 2538 ut
608 2477 698 2538 intres
712 2475 764 2536 snb
784 2489 890 2536 tectum
915 2477 1126 2552 meumsambo

40 2559 224 2620 saluatorem
245 2559 352 2622 honori
390 2575 471 2622 antes
495 2560 615 2620 diuerso
642 2571 673 2619 ct
693 2559 782 2643 quasi
801 2560 952 2620 contrario
972 2561 1074 2622 modo.
1120 2588 1125 2601 .

130 2641 221 2720 Quod
240 2646 348 2704 enatet
367 2643 405 2703 ad
426 2644 669 2704 communionem
691 2642 749 2702 snb
769 2651 898 2724 unaque
917 2645 1031 2724 specie,
1053 2641 1129 2703 illud

40 2735 174 2798 constat,
200 2745 256 2788 nec
279 2727 450 2788 Graeoosa
478 2727 594 2786 Latinis
614 2724 655 2784 ob
686 2722 859 2806 duplicem,
893 2725 1093 2788 nec=Latinos
1111 2745 1131 2786 a

40 2811 171 2870 Graecis
184 2807 240 2868 =ob
266 2807 433 2891 simplicem
453 2812 584 2890 speciem
607 2805 764 2868 damnatos
784 2829 865 2885 esse,
894 2808 946 2868 sed
966 2808 1132 2889 quamlibet

39 2891 202 2954 ecclesiam
221 2912 292 2954 suns
313 2893 444 2954 rationes
476 2900 630 2962 secutam,
664 2889 746 2952 salva
768 2911 842 2972 pace
861 2899 899 2950 et»
921 2893 1064 2966 caritate,
1098 2889 1129 2951 id

38 2977 165 3056 egisse,
199 2974 283 3057 quod
303 2977 452 3058 optimum
481 2974 563 3036 factu
583 2973 781 3034 existimabat.
826 2975 1021 3056 Quapropter
1041 2983 1132 3054 caput

36 3057 104 3120 hoc
125 3059 248 3120 Graecis
269 3069 301 3120 et
321 3059 459 3136 Latinis,
492 3055 613 3120 tametsi
633 3059 773 3138 saepius,
805 3057 981 3138 praesertim
1000 3058 1032 3116 in
1056 3055 1132 3116 Flo-

35 3142 165 3204 rentina
184 3141 309 3226 Synodo
331 3143 515 3224 congressis,
551 3159 708 3224 nunquam
727 3149 763 3200 ut
783 3138 911 3200 dubium
930 3151 984 3200 aut
1009 3149 1131 3200 contro·

36 3245 170 3286 versum
191 3227 224 3286 in
250 3225 496 3308 disceptationem
517 3224 620 3285 venite
649 3243 728 3304 quse
753 3243 802 3283 res
831 3233 948 3284 cenum
968 3243 1131 3305 argumen-

36 3318 113 3370 tum
133 3307 316 3390 suppeditat,
328 3310 458 3370 Graecm
478 3327 540 3368 non
560 3329 597 3370 ca
617 3309 1031 3390 mententramquespeciem
1043 3327 1130 3368 usar-

35 3411 147 3474 passe,
171 3392 257 3471 quasi
279 3390 312 3453 id
331 3392 505 3474 simpliciter
526 3411 562 3453 ex
583 3401 743 3472 praecepto
763 3401 795 3452 et
813 3391 998 3472 praesciipto
1018 3389 1132 3452 Christi

34 3477 147 3536 facere
166 3485 322 3556 oporteat,
344 3477 442 3558 sitque
461 3474 601 3538 absolute
622 3485 651 3536 et
672 3473 712 3535 ad
729 3475 932 3558 integritatem
953 3475 1132 3536 sacramenti

33 3570 73 3620 et
97 3555 140 3617 ad
159 3555 287 3620 salutem
304 3556 464 3619 homiuum
487 3559 707 3620 uecemarium:
730 3578 791 3639 quo
814 3557 939 3619 consilio
963 3555 1018 3634 illi,
1039 3558 1093 3640 qui
1113 3577 1133 3618 a

33 3643 185 3704 Romana
203 3652 235 3702 et
255 3638 403 3702 catholica
432 3640 556 3702 ccclesia
582 3639 791 3718 desciverunt,
817 3641 908 3703 hodie
928 3641 1051 3704 calicem
1072 3657 1133 3700 ur-

33 3733 138 3808 gente
169 3743 326 3868 sanguem
345 3726 425 3794 enim
452 3722 486 3784 id
505 3725 612 3784 Graeci
646 3724 677 3784 in
700 3743 820 3786 omnem
840 3727 1029 3786 occasionem
1050 3722 1135 3782 Lati-

32 3827 102 3870 nos
124 3827 233 3888 carpta
258 3811 266 3868 i
286 3807 376 3868 nimis
398 3827 490 3890 mam
511 3807 620 3868 intenti
646 3804 891 3868 dissimulassem.
934 3809 976 3868 Et
996 3806 1063 3887 quis
1084 3801 1135 3865 vel

33 3891 148 3954 obiter
177 3893 209 3952 in
229 3889 416 3972 antiquitatis
446 3889 592 3952 memoria
611 3899 748 3950 versatus
770 3887 911 3970 ignorat,
944 3907 1060 3949 morem
1083 3905 1135 3947 su-

33 3973 151 4036 mendi
172 3975 417 4055 unam-speciem
437 3972 672 4035 vacuissima
686 3991 768 4031 esses
790 3980 821 4031 et
843 3972 936 4031 variis
959 3969 1033 4032 locis
1046 3968 1135 4029 modo

33 4057 143 4128 hunc,
157 4057 250 4120 snodo
260 4055 368 4132 alium,
388 4075 469 4117 nunc
481 4067 646 4136 utrumque
665 4054 808 4134 vigesima,
823 4051 894 4114 licet
906 4052 946 4113 ab
960 4053 1136 4134 octingentis

32 4141 138 4202 annis
151 4139 296 4202 occiduus
307 4139 390 4200 orbis
404 4141 500 4222 megs
514 4137 552 4198 ad
570 4159 661 4200 unam
672 4138 805 4220 speciem
815 4133 1021 4216 propenderit,
1032 4138 1134 4196 novis-

34 4245 105 4306 que
128 4233 219 4308 poste
240 4223 396 4286 haereticis
416 4245 452 4285 ex
483 4219 636 4305 Wiclephi
658 4231 688 4284 et
711 4219 801 4282 llussi
823 4217 927 4290 schola
953 4220 1077 4300 exortis,
1105 4229 1135 4280 et
