2874 4944
322 317 406 410 500
704 339 1017 410 smorsnonm

317 499 438 579 visum;
471 509 501 560 et
521 496 581 560 hoc
600 493 724 580 quidem
743 499 870 576 merito,
885 473 958 559 'sive
978 477 1010 557 in
1032 493 1099 560 eliis
1120 495 1365 562 accusationibus
1426 555 1427 576 ,

316 605 390 645 vero
416 583 534 658 abierit,
557 583 620 644 sive
639 603 721 643 nnn:
742 583 806 647 sive
828 585 917 642 etium
938 581 969 640 iu
987 578 1238 662 reprehendendo
1256 591 1308 642 tem
1323 582 1365 643 lin·

316 683 386 750 gun,
403 688 496 748 quum
517 665 596 748 stylo
616 665 741 726 modum
764 667 905 740 tenuerit,
928 667 992 727 sive
1011 683 1084 728 non.
1127 662 1219 724 Certe
1237 665 1366 726 monacho-

315 771 385 811 rum
406 770 512 830 agmen
535 751 617 810 inse
637 748 897 810 vehementissime
917 747 1096 824 concitavit,
1124 747 1177 828 qui
1200 746 1300 808 ducem
1316 747 1367 809 belli

314 833 453 914 legerunt
473 835 655 916 Gregorium
679 831 835 893 Pnlamum
866 842 939 892 tunc
965 831 1100 891 eiusdem
1128 830 1313 910 professionis
1328 832 1368 892 hc-

314 919 440 993 minem,
465 927 569 1000 postea
591 935 665 976 vern
688 915 946 998 archiepiscopum
966 911 1274 988 Thessalonicensem
1302 935 1369 996 quen

314 1002 340 1061 si
368 1019 465 1081 aeque
492 1001 629 1060 verisne
661 1000 776 1082 magnis
804 998 945 1060 laudibus
972 995 1199 1058 Cuntscuzenus
1229 1009 1367 1070 exornaret,

313 1104 385 1145 vere
409 1103 536 1165 magnus
556 1081 606 1142 vir
627 1083 771 1143 dicendus
790 1092 886 1143 esset:
914 1079 968 1143 sed
987 1101 1058 1141 cum
1085 1082 1181 1141 veteri
1200 1081 1294 1141 verbo
1323 1103 1371 1142 mo-

312 1189 368 1227 ruu
386 1185 511 1227 monum
521 1168 621 1246 sciret
647 1179 676 1225 et
692 1166 782 1242 luvet,
804 1165 898 1226 facilis
922 1163 1095 1225 coniectum
1115 1173 1170 1236 est,
1194 1165 1268 1246 quid
1288 1165 1321 1224 de
1339 1163 1371 1224 his

312 1247 455 1310 laudibus
474 1248 667 1310 statuendum
688 1250 738 1310 sit.
780 1247 858 1310 Sunt
877 1247 1021 1310 nimirum
1041 1267 1092 1308 aes
1124 1265 1238 1308 sonam
1262 1257 1291 1308 et
1308 1267 1371 1328 cyn-

311 1333 418 1395 hulum
437 1333 589 1408 tinniens,
608 1334 680 1414 quia
704 1331 743 1392 de
763 1351 833 1392 aere
852 1339 978 1393 sonante
1012 1340 1042 1392 et
1074 1327 1215 1412 cymbalo
1239 1331 1370 1402 tinniente,

312 1435 347 1476 ex
369 1415 494 1496 apostoli
509 1415 664 1476 doctrino:
698 1417 726 1476 si
743 1415 854 1495 linguis
872 1415 1026 1476 lominum
1045 1415 1154 1498 loquar
1173 1415 1370 1496 stangelomn,

311 1500 467 1560 caritatem
496 1511 595 1559 aecem
621 1521 682 1560 non
708 1497 858 1578 baham,
879 1501 988 1577 sactus
1007 1517 1072 1559 mm
1100 1497 1181 1557 vebat
1214 1519 1269 1558 aer
1290 1517 1373 1558 sorum

310 1597 364 1642 aust
381 1582 552 1660 cymbalum
568 1584 706 1647 tinniens.
748 1581 789 1642 Et
813 1581 896 1665 quod
925 1582 1050 1664 propius
1073 1579 1113 1641 ud
1148 1576 1306 1642 Pslnmam
1323 1600 1372 1661 spe·

310 1675 392 1725 ctat:
420 1667 449 1724 si
467 1665 642 1726 distribuero
663 1666 697 1725 in
716 1665 795 1726 ribos
813 1685 982 1750 poemenem
1008 1685 1109 1726 omnes
1114 1665 1288 1742 facultates
1303 1684 1373 1738 meos,

309 1755 382 1820 etc„
402 1749 556 1810 caritatem
576 1763 675 1810 arcem
694 1768 755 1808 non
773 1749 915 1824 habuero,
938 1749 1018 1809 nihil
1036 1747 1114 1808 mist
1124 1749 1265 1830 prodest.
1304 1745 1373 1830 Qui·

308 1833 376 1916 qm's
395 1831 448 1892 ille
466 1845 527 1908 est,
549 1833 649 1914 inquit
667 1841 787 1892 sanctus
815 1831 1005 1915 Augustinus
1023 1851 1113 1894 serm.
1142 1829 1213 1893 181.
1234 1832 1273 1893 de
1290 1839 1375 1911 temp..

308 1927 339 1974 et
357 1916 574 1998 qualiscumque
590 1917 643 1976 ille
661 1927 713 1990 est,
736 1915 921 1996 Christianus
937 1937 1000 1977 nou
1015 1928 1071 1988 est,
1090 1915 1144 2001 qui
1163 1916 1197 1976 lu
1221 1915 1327 2000 (Μαι
1339 1933 1374 1972 ee·

308 1998 400 2057 cleric
418 2011 547 2064 nonest.
589 1997 662 2060 Solo
683 2001 794 2082 quippe
807 2011 864 2071 est,
878 2019 1039 2082 perquam
1062 1997 1246 2083 saerifidron
1260 1998 1374 2060 domim

308 2080 434 2140 libenter
457 2083 603 2166 accipiat:
627 2083 691 2143 solo
706 2103 781 2167 orcae
800 2103 859 2166 pro
883 2083 1047 2143 emotus
1061 2081 1257 2162 fiducialiter
1273 2085 1374 2144 utera*

308 2163 376 2222 dot:
406 2157 472 2224 solo
493 2177 560 2239 est,¹
574 2165 608 2224 in
629 2185 692 2247 quo
718 2185 790 2248 opus
814 2166 921 2226 bonnm
933 2168 1091 2245 fructuose
1103 2170 1288 2250 pemgitur,
1314 2161 1373 2224 uude

309 2247 476 2306 mercedem
495 2247 617 2308 denarii
624 2291 638 2320 ,
665 2269 726 2309 noo
749 2251 810 2310 nisi
829 2250 881 2332 qui
905 2251 986 2310 intro
1012 2250 1142 2310 vineam
1164 2251 1376 2322 rotomum,

308 2341 496 2410 acceperuut.
528 2331 584 2392 Est
603 2341 704 2392 sutem
726 2334 889 2414 Gregorius
907 2331 1049 2394 Pnlnmus
1070 2331 1121 2393 ille
1140 2334 1221 2415 ipse,
1242 2335 1323 2393 cuius
1340 2349 1377 2388 er-

308 2421 391 2471 stant
414 2413 528 2473 Graece
559 2425 589 2476 et
621 2413 734 2476 lutine'
763 2415 842 2477 duae
872 2419 1041 2494 omtioues3
1073 2415 1189 2490 ultera,
1224 2431 1377 2498 querneus

307 2506 575 2640 titttttila
594 2495 1069 2664 ltt’ttt..⁰⁰tt”t.¹2¹33‡²”3’
1091 2498 1377 2644 litttttttllt

307 2671 426 2722 ntorum
448 2663 598 2742 Petrum,
627 2665 680 2726 ubi
701 2687 753 2746 per
773 2664 942 2726 collectoris
962 2677 992 2727 et
1014 2665 1137 2727 editoris
1158 2657 1377 2748 ἅπεριβλεψὴν

306 2747 484 2806 sanctissimi
503 2746 591 2808 titulo
611 2748 749 2810 Pnlsmns
770 2748 965 2826 honestetur,
986 2749 1077 2832 plane
1097 2757 1220 2828 praeter
1240 2749 1374 2808 matun.

307 2828 470 2904 Quomodo
491 2833 706 2912 sanctissimus,
727 2833 752 2892 si
773 2831 1004 2894 schismaticus?
1045 2833 1184 2917 Qmsqzds
1204 2831 1249 2891 ab
1268 2833 1322 2890 Isse
1338 2847 1378 2886 m·

306 2911 418 2973 antica
438 2913 561 2974 ecclesio
573 2915 678 2994 fiterit
698 2928 868 2998 separatus,
895 2915 1113 3000 quantumlibet
1138 2913 1339 2975 laudabiliter
1354 2927 1377 2968 st

305 2995 411 3056 uivere
425 2998 584 3074 existimet,
608 3001 663 3060 loc
684 2999 747 3076 solo
767 2999 898 3072 scelere,
920 2999 1004 3084 quod
1026 3019 1048 3058 a
1068 2997 1181 3058 coristi
1198 2999 1313 3058 medule
1329 2994 1379 3055 dis·

305 3075 418 3140 iunceo
431 3094 484 3153 est,
505 3103 564 3142 non
585 3083 706 3142 habebit
723 3085 850 3162 vitam:¹
867 3083 922 3144 scd
933 3084 986 3144 lm
999 3081 1068 3142 Det
1078 3096 1186 3143 manet
1203 3101 1301 3165 super
1312 3097 1376 3147 wls

304 3157 405 3244 inquit
428 3163 459 3228 S.
481 3159 668 3246 Augustinus
688 3167 777 3249 epist.
806 3163 872 3230 152.
1237 3174 1239 3185 '

387 3246 470 3330 Ergo
494 3247 634 3310 Pulsmss
658 3248 877 3310 monachorum
896 3248 1060 3310 ndvooetus
1083 3249 1290 3324 coustitutum,
1317 3246 1377 3306 ur·

304 3324 405 3388 inemo
440 3329 567 3392 adversa
602 3333 701 3394 fronte
728 3333 867 3394 resistere
895 3332 1058 3414 lumenque
1090 3327 1169 3396 illud
1196 3323 1377 3411 q‘cvzmuls

306 3409 397 3470 obiici
429 3411 550 3474 solitum
579 3415 741 3478 defendere
769 3417 899 3498 institit,
931 3419 1022 3477 etium
1050 3413 1187 3495 exemplo
1215 3411 1377 3474 luminisir

303 3503 408 3554 monte
429 3494 554 3559 Thabor
573 3498 727 3580 discipulis
750 3502 880 3562 ostensi:
911 3499 969 3562 hoc
989 3498 1071 3560 enim
1094 3499 1269 3558 increatum
1291 3495 1376 3566 fuisse,

238 3624 246 3637 .
303 3585 334 3636 et
363 3587 465 3638 tamen
486 3585 638 3662 corporeis
659 3583 876 3666 discipulorum
905 3583 1002 3645 oculis
1028 3579 1174 3664 patuisse.
1215 3579 1378 3640 Barlaamus

303 3656 383 3721 hauc
411 3679 482 3722 vere
502 3683 611 3729 novum
638 3667 823 3750 theologiam
855 3666 980 3728 eudicus
999 3669 1094 3747 magis
1122 3667 1154 3724 in
1175 3661 1374 3722 palamne

301 3746 398 3806 socios
419 3747 593 3809 excanduit.
635 3750 740 3834 ltaque
765 3754 872 3812 itinere
899 3752 964 3811 siue
991 3769 1076 3810 mora
1096 3741 1377 3828 Concantinopdiu

281 3827 452 3900 instituto,
474 3850 540 3891 rem
562 3832 601 3893 ud
643 3835 824 3896 striarchsm
845 3832 964 3912 detulit,
981 3833 1112 3896 citantur
1133 3829 1298 3904 monachi,
1318 3843 1376 3906 syu-

303 3911 379 3972 odus
399 3913 551 3979 indicitur.
616 3853 774 3994 Brcesidet
796 3921 960 4000 imperator
978 3915 1173 3976 Andronicus
1194 3912 1302 3974 iunior
1321 3925 1377 3971 cuu

302 3992 416 4056 Ioanne
439 3999 621 4078 patriarche,
645 4001 802 4062 victoriam
823 4001 939 4062 obtinet
958 3995 1108 4061 Palanas.
1151 3997 1297 4058 Bnrlaum
1316 4011 1376 4054 cou-

301 4074 473 4158 demnutur,
493 4083 682 4145 Thsbnrium
704 4084 807 4145 lumen
828 4087 995 4146 increatum
1008 4093 1227 4163 aeternumque
1248 4079 1377 4140 finces

301 4177 379 4236 esse,
399 4163 507 4242 synodi
529 4165 650 4228 decreto
672 4167 854 4228 decernitur.
883 4165 1058 4228 Barlaamus
1077 4163 1171 4248 paulo
1191 4173 1267 4244 post
1287 4163 1316 4222 in
1327 4161 1376 4218 ltr-

301 4237 375 4314 llflm
398 4249 569 4316 revertitur.
604 4250 750 4314 Eiusdem
771 4249 880 4335 quodi
898 4247 1076 4312 ncta-relect
1095 4245 1292 4332 Nicephmus
1311 4241 1373 4302 Gre-
