2874 4944
330 241 387 306 αα
419 236 701 308 camaranum
733 239 811 302 nra.
842 187 883 300 u.
1053 207 1147 302 ,501

119 417 166 460 ras
189 396 241 467 llb.
267 419 315 462 tr.
337 401 409 462 suaa
429 387 582 474 historiae,
603 395 780 476 redditor,
800 413 892 479 wem
912 392 1150 456 Cantacuzenus.

143 482 286 564 dogmatis
308 485 389 543 enim
409 481 486 542 nibil
510 491 610 542 actum
633 480 727 542 tradit
753 477 793 539 ob
814 478 1009 560 praesentiam
1030 477 1153 556 imperi·
1204 524 1207 532 ,

80 575 126 624 tas
145 567 365 641 multitudinis,
397 575 462 625 tum
489 585 528 624 ne
556 561 726 644 theologiae
753 563 896 646 mysteria
915 561 1049 642 profanis
1068 558 1152 638 vulgi

78 649 198 712 auribus
218 647 439 733 ingeminatur,
459 659 524 708 tum
547 667 591 707 ne
609 649 762 725 Priamus,
777 659 879 708 contra
902 645 1074 725 disputante
1083 643 1152 702 Bar·

76 729 182 810 laama,
210 729 403 816 blasphemae
431 731 586 792 doctrinae
615 733 859 793 convinceretur.
901 729 972 807 Quo
1006 727 1152 808 Gregoras

76 816 213 896 insinuat,
245 818 276 878 id
304 817 417 900 gratiae
436 815 579 876 Palamae
606 815 711 877 datum
741 837 759 876 a
781 814 890 896 synodi
910 809 1097 894 praesidibus
1121 821 1151 870 et

73 897 214 978 patribus.
255 896 431 982 Utcumque
456 902 515 972 sit,
545 889 603 958 hoc
625 909 741 962 certum
758 897 910 980 fixumque
931 904 1061 965 maneat,
1082 913 1150 953 sen-

74 983 193 1042 tentiam
214 982 297 1044 illam
320 982 429 1067 synodi
458 981 631 1043 delumine
657 981 839 1060 Thaborio,
873 981 959 1064 quasi
984 980 1150 1038 increatum

73 1073 101 1126 ut
120 1066 214 1148 ipsum
236 1065 373 1128 naturale
395 1067 452 1126 Dei
473 1064 574 1126 lumen
599 1067 708 1142 merit,
729 1067 852 1148 penitus
876 1063 980 1126 salsam
1001 1081 1080 1137 esse,
1112 1081 1150 1120 ne

73 1149 142 1230 quid
164 1153 286 1230 gravius
302 1149 412 1222 dicam,
435 1159 612 1230 rectequea
635 1148 806 1228 Britanno,-
822 1147 994 1228 Acindyno,
1014 1145 1150 1224 Gregora

72 1230 191 1314 aliisque
211 1232 351 1314 plurimis
373 1231 534 1314 explosam,
552 1231 740 1315 profligatam
761 1242 791 1293 et
813 1233 958 1294 acerrime
977 1229 1149 1303 refutatam,

71 1334 129 1374 uon
151 1315 290 1379 obstante
312 1316 404 1378 huius
432 1315 612 1376 schismatici
631 1315 832 1376 conventiculi
859 1315 999 1376 decreto:
1022 1332 1091 1370 narn
1115 1320 1175 1369 ut-

70 1395 123 1458 alia
142 1409 279 1478 mecam,
309 1400 383 1461 baec
401 1399 463 1460 duo
483 1411 659 1482 argumenta
682 1400 831 1461 Barlaami
849 1410 879 1459 et
901 1401 1053 1478 Gregoraa
1073 1392 1149 1452 alio-

70 1499 193 1565 rumque
215 1483 298 1544 clara
322 1491 443 1545 suntet
463 1483 625 1547 evidentia.
670 1481 771 1560 illud,
804 1475 886 1564 quod
914 1480 1009 1542 oculis
1039 1497 1148 1558 corpo·

68 1563 121 1626 reis
141 1565 240 1628 visum
268 1577 327 1645 est,
349 1588 409 1628 non
434 1576 479 1626 est
509 1568 696 1628 increatum:
738 1564 842 1626 lumen
869 1565 1148 1626 Thaborium'cor-

68 1649 161 1728 porcis
183 1647 279 1712 oculis
301 1671 320 1710 a
342 1647 496 1731 discipulis
519 1654 619 1711 visum
642 1661 707 1730 est,
728 1671 799 1734 ergo
822 1650 988 1710 increatum
1010 1665 1071 1704 non
1092 1654 1147 1704 est.

67 1729 104 1792 ll.
123 1733 283 1815 Quidquid
304 1733 399 1794 oculis
417 1735 569 1815 corporeis
589 1735 688 1796 visum
709 1747 762 1810 est,
786 1743 919 1793 creatum
944 1740 1003 1805 est,
1027 1729 1147 1788 Lumen

67 1811 251 1877 Thaborium
272 1815 369 1878 oculis
387 1818 538 1898 corporeis
560 1819 659 1878 visum
680 1828 737 1895 est,
760 1838 832 1900 ergo
852 1826 986 1876 creatum
1006 1822 1061 1874 ost.
1096 1810 1148 1870 Ad

64 1892 132 1958 haec
154 1912 333 1982 argumenta
361 1900 506 1961 exclamat
532 1899 712 1962 Philotheus
740 1899 911 1983 patriarcha
930 1897 1009 1959 libro
1030 1895 1149 1956 decimo

102 1991 165 2042 arto
186 1994 293 2044 contra
317 1983 505 2066 Gregorame
534 1977 605 2061 toi,
637 1980 709 2062 toa·,'
730 1980 786 2043 καί
804 1983 852 2054 τίς
871 1983 940 2043 ποτ’
961 1971 1010 2060 ἄρ’
1030 1971 1148 2048 ἐκεῖνός

63 1997 142 2124 ddum
165 2058 181 2126 ὃ
201 2062 260 2128 καί
278 2067 336 2126 νῦν
368 2063 408 2128 rai
429 2061 523 2127 καινὰ
550 2065 646 2128 tauri
666 2065 764 2146 λέγων
799 2064 854 2126 καί
877 2058 957 2144 πρὸς
988 2056 1064 2132 τούς
1098 2057 1146 2119 ἐπ’

63 2132 152 2224 ὅρους
169 2145 312 2230 implori,
333 2149 391 2230 τῆς
411 2147 575 2249 &aalysiae
595 2145 689 2234 φημὶ,
715 2149 847 2234 λαμπρᾷ
864 2147 902 2231 τῇ
918 2143 1008 2229 φωνῇ
1030 2165 1157 2222 appar--

61 2227 203 2304 τομένανς
227 2227 446 2312 adonaisamia
458 2237 580 2312 loyaut,
598 2231 675 2306 τούς
697 2233 742 2306 εἰς
761 2232 867 2294 πᾶσαν
886 2228 957 2311 γῆν,
981 2227 1146 2288 discordia-

61 2313 118 2383 aaa
136 2315 254 2394 λέγειν,
278 2314 464 2389 &aldonus
482 2316 539 2378 καί
556 2311 597 2378 τὰ
619 2319 739 2398 πέρατα
759 2315 815 2395 τῆς
836 2310 1018 2390 οἰκουμένης
1032 2309 1147 2391 ἄστρα-

60 2395 116 2490 πῆς
137 2395 228 2478 δίκην
248 2391 269 2478 ἢ
289 2399 411 2476 μᾶλλον
435 2397 567 2462 ἐκτίνων
599 2397 739 2482 ἡλιακῶν
762 2393 864 2481 φάναι
886 2394 986 2456 πάλαι
1012 2392 1145 2474 διαδρα-

59 2496 180 2554 μνντας,
192 2473 383 2564 α’μφιβόλως
398 2479 519 2544 οὑτωσὶ
537 2478 593 2544 καί
609 2482 745 2557 claudeda
767 2477 979 2557 διακείμενοςς
998 2479 1144 2538 Ceterum

59 2557 128 2624 haec
149 2583 236 2626 mera
268 2565 362 2625 verba
382 2577 472 2642 sunt,
497 2576 532 2626 ut
553 2577 584 2629 ct
605 2565 685 2642 alia,
706 2585 785 2648 quea
804 2565 902 2625 tribus
921 2561 1007 2623 libris
1028 2561 1066 2620 de
1084 2559 1142 2620 hoc

61 2637 168 2708 lumine
190 2647 349 2709 Thaborio
370 2648 548 2710 Philutheus
571 2649 713 2710 disserite
740 2650 792 2728 qui
815 2647 886 2708 libri
907 2648 940 2706 in
961 2643 1144 2704 bibliotheca

60 2723 197 2792 Bavarica
221 2741 413 2792 asservantur
440 2753 503 2792 una
524 2754 594 2792 cum
622 2732 690 2792 aliis
719 2730 880 2790 duodecim
902 2738 1007 2790 contra
1028 2730 1144 2806 Grego-

60 2829 118 2871 ram
142 2814 181 2875 de
202 2813 394 2880 distinctione
414 2817 608 2876 assentisset
629 2816 812 2896 operationis
824 2813 954 2875 divinae.
979 2812 1044 2876 Nec
1058 2812 1143 2895 quid-

52 2899 145 2972 ‘quam
167 2897 208 2958 ad
230 2897 411 2959 solutionem
441 2911 686 2980 argumentorum
710 2897 835 2958 faciunt.
877 2899 1039 2976 lmmptum
1061 2899 1142 2957 enirn

58 2985 111 3038 stat
133 2979 213 3040 iliud
233 2981 465 3043 fundamentum
485 2994 515 3042 et
540 2986 624 3043 omni
643 2992 776 3063 exparte
791 2985 1022 3042 inconcussum:
1046 2981 1142 3056 Quid-

57 3061 125 3139 quid
147 3075 206 3136 est,
232 3063 264 3124 id
286 3077 339 3127 aut
360 3067 443 3128 Deus
464 3077 520 3144 est,
545 3079 598 3128 aut
616 3077 768 3126 creatura.
809 3065 841 3124 Si
862 3065 959 3140 Deus,
984 3083 1044 3122 non
1069 3079 1141 3146 ergo

57 3145 147 3206 oculis
167 3151 321 3229 corporcis
343 3150 543 3230 conspicitur3
563 3151 588 3212 si
609 3160 760 3222 creatura,
783 3169 844 3208 non
867 3151 937 3228 eigo
959 3147 1137 3208 increatum.

135 3231 201 3290 Nec
215 3233 337 3292 maioris
356 3235 446 3314 pretii
465 3245 536 3296 sunt
557 3233 690 3295 eiusdem
711 3231 865 3293 Philothei
886 3232 1037 3292 orationes
1051 3231 1139 3308 dnae,

56 3331 126 3390 quas
147 3311 204 3396 legi
225 3317 256 3374 in
270 3317 476 3398 manuscripto
487 3317 592 3380 codice
608 3313 812 3378 bibliothocae
828 3315 1035 3396 Augustanos,
1056 3315 1141 3376 obla-

56 3401 101 3454 tae
122 3398 239 3478 synodo
262 3409 368 3460 contra
395 3401 609 3485 Acindynum‚
638 3400 677 3462 de
705 3421 767 3484 qua
796 3409 900 3483 postea
927 3403 1051 3462 nomine
1075 3399 1141 3462 ταῖν

55 3471 241 3562 ἀγνωριτοῖν,
267 3481 539 3546 monachorum'in
560 3497 663 3546 monte
684 3497 788 3548 sancto
821 3487 882 3566 (sic
902 3486 982 3546 enim
1003 3499 1139 3548 montem

53 3557 135 3622 Atho
156 3570 285 3642 vocant)
307 3565 498 3649 degentium,
527 3591 603 3652 quas
630 3569 822 3648 Philothens,
843 3589 913 3630 cum
937 3568 1038 3632 adhuc
1059 3572 1140 3630 intur

53 3645 215 3708 monachos
238 3645 306 3709 illos
325 3671 435 3712 nomen
457 3672 544 3712 suum
566 3653 769 3734 profiteretur,
788 3662 1010 3733 composuerat,
1035 3665 1070 3712 ut
1089 3653 1138 3714 di-

52 3727 128 3788 citur
149 3733 180 3789 in
203 3729 289 3792 Actis
311 3733 419 3814 synodi
441 3746 566 3818 quartae
585 3735 643 3796 sub
663 3737 883 3799 Cantacuzeno.
927 3733 998 3794 Atia
1019 3735 1057 3796 dc
1081 3757 1132 3797 eo·
1179 3747 1181 3752 '

51 3807 119 3870 dem
144 3825 323 3894 argumento
345 3818 443 3876 oratio
473 3828 569 3880 exstat
595 3818 626 3878 in
647 3818 754 3878 rodem
774 3818 895 3889 codice,
926 3829 1050 3878 auctora
1070 3819 1135 3880 'rno-

51 3893 300 3977 nachoquodam
324 3898 602 3978 Thessalonicensi‚
645 3901 697 3960 sed
726 3899 862 3962 eiusdem
887 3919 1013 3979 prorsus
1033 3913 1135 3977 uotae,

52 3971 109 4036 hoc
132 3987 189 4052 cst,
211 3979 348 4056 nullius,
370 3993 423 4042 aut
443 3983 469 4043 si
488 3983 626 4062 abanim,
648 3981 756 4044 malae.
797 3984 900 4044 Citaut
921 3985 969 4044 isti
990 3996 1021 4045 ot
1041 3985 1136 4048 denso

50 4060 170 4136 agmine
191 4062 396 4145 agglomerant
415 4065 496 4128 dicta
516 4078 689 4129 sanctorum
707 4077 840 4148 patrum,
861 4085 938 4149 quae
960 4089 1022 4130 non
1045 4071 1134 4132 intel-

51 4136 159 4222 ligant,
182 4149 267 4227 quia,
290 4147 544 4234 aiintelligeront,
566 4171 628 4214 non
650 4149 846 4214 adducerent.
888 4149 1015 4231 chtum
1039 4155 1134 4240 siqui-
