2944 4934
358 285 414 350 tn
449 283 726 352 rauracorum
756 287 831 348 uo.
861 289 915 350 rv.
1078 257 1156 344 551
1216 305 1218 312 ,

77 435 240 584 pilstam
292 438 359 502 Hoc
392 437 505 505 scilicet
543 437 676 527 liberum
700 449 753 502 est
789 448 820 500 et
850 437 1057 504 Christianum
1088 461 1161 504 caa-

89 545 95 560 .
129 543 189 588 um·

158 605 261 682 Restat
290 603 353 690 ipse
379 603 639 668 schismaticorum
664 607 786 690 genius,
815 607 864 666 cui
894 604 1018 668 solenne
1047 603 1161 670 iudices

75 699 176 770 petere
189 732 201 766 ,
215 689 269 752 sed
291 689 343 755 ubi
366 688 428 752 dati
454 689 621 768 fuerint,e
643 691 790 752 sententia
810 711 915 752 eorum
940 689 1000 751 alio
1027 690 1162 772 appella-

74 792 121 832 re.
155 771 259 834 Testes
282 783 377 847 sunt,
414 784 449 834 ut
472 772 547 834 alios
571 795 633 835 noo
665 775 842 853 nominem,
872 775 1067 852 Donatistae,
1107 776 1160 858 qni

74 857 298 919 coutroversiae
322 879 392 918 cum
416 855 590 918 Caeciliano
614 857 745 918 iudicem
766 855 950 938 flagitarunt.
974 860 1071 917 Datus
1084 869 1127 918 est
1141 881 1160 918 a

74 939 277 1004 Constantino
295 939 476 1022 imperatore
492 939 674 1002 Melchiades
686 939 817 1022 pontifex
836 939 998 1002 Romanus.
1030 940 1162 1002 Absolu-

72 1031 125 1082 tus
146 1035 192 1084 est
208 1023 417 1102 Caecilianus,
436 1025 572 1085 damnati
592 1025 779 1086 Donatistae.
814 1024 894 1084 Num
915 1023 1159 1106 adquieverunt?

71 1103 273 1168 Postularuot
282 1107 356 1168 alios
372 1107 493 1172 iudices.
513 1109 585 1168 Dati
600 1121 671 1170 snut
682 1120 714 1172 et
725 1110 784 1186 isti,
797 1108 904 1170 eodem
918 1127 1023 1169 rursus
1038 1119 1159 1170 eventu.

70 1187 153 1250 llum
173 1191 393 1274 adquieverunt
407 1192 602 1254 Donatistae?
634 1194 762 1252 Minime
790 1213 877 1253 vero.
913 1189 1007 1252 Aliud
1026 1192 1160 1253 tribunal

71 1273 297 1352 quaesiverunt,
307 1297 326 1336 a
336 1297 398 1357 quo
412 1275 512 1336 denuo
524 1275 716 1336 condemnati
727 1287 807 1336 sunt.
821 1273 880 1336 Sed
892 1275 1011 1336 frustra.
1025 1276 1161 1336 Damna-

70 1355 98 1414 ri
111 1359 207 1436 potuit
222 1361 398 1440 pertinacia,
409 1360 488 1421 vinci
503 1370 557 1419 aut
570 1359 669 1441 frangi
684 1380 745 1419 non
765 1360 873 1440 potuit.
893 1359 983 1437 Puto,
994 1359 1076 1444 qnod
1098 1363 1161 1444 ipse

72 1437 230 1521 dmbotm,
250 1444 349 1524 inquit
368 1454 489 1504 moetus
506 1444 694 1526 Augustinus
712 1446 796 1524 epist.
822 1441 913 1528 167„
936 1443 964 1502 si
984 1446 1160 1502 auctoritate

68 1521 195 1602 radices,
211 1547 301 1610 quem
317 1527 395 1590 altro
409 1529 538 1608 elegerat
543 1571 556 1600 ,
569 1528 652 1587 toties
662 1529 845 1602 vinceretur,
859 1547 918 1588 non
931 1538 1004 1586 esset
1021 1538 1083 1586 tam
1097 1527 1110 1586 i
1111 1547 1160 1585 m-
1174 1545 1175 1550 ¹

60 1605 199 1690 pudens,
213 1625 246 1670 ut
258 1613 290 1672 in
310 1632 347 1670 ea
359 1632 448 1672 caree
458 1611 634 1694 persisteret.
654 1611 723 1670 Nou
737 1609 824 1672 aliter
835 1611 964 1692 egissent
984 1609 1091 1668 Graeci
1110 1620 1160 1670 to-

68 1687 125 1750 ties
138 1702 227 1754 antea
241 1691 375 1756 damuati
387 1715 397 1754 ε
411 1691 481 1756 lieet
492 1691 632 1755 Clemens
642 1695 793 1776 pontifex,
808 1692 1010 1754 Cantacuzeui
1027 1703 1158 1774 rogatu,

64 1771 219 1854 synodum
247 1789 467 1854 convocasset,
497 1777 581 1859 quod
612 1775 730 1859 aliquot
756 1788 825 1860 post
848 1777 936 1838 annis
964 1776 996 1836 in
1018 1774 1156 1836 Concilio

64 1851 250 1921 Florentino
270 1863 464 1926 manifestum
483 1861 587 1923 evasit.
630 1862 738 1944 ltaque
760 1881 838 1923 vana
861 1867 906 1922 est
934 1857 1056 1941 querela
1074 1859 1157 1918 Can·

63 1943 220 2018 tucuzeui,
249 1965 319 2006 cum
351 1947 393 2006 ait
418 1945 544 2006 Latinos
564 1965 618 2006 sua
638 1945 778 2026 dogmata
805 1943 845 2027 al>
867 1941 995 2004 aliarum
1018 1941 1157 2003 ccclesia·

63 2043 138 2084 rum
160 2028 328 2091 rectoribus
348 2027 536 2092 discutienda
560 2049 622 2089 nou
645 2029 862 2110 proposuisse,
881 2027 1071 2108 nimiumque
1099 2025 1157 2086 sibi

63 2127 243 2188 arrogasse,
271 2115 450 2195 contemptis
482 2111 598 2173 ceteris.
642 2111 791 2174 Vanitatis
823 2109 1011 2190 redarguunt
1040 2107 1155 2168 dictum

62 2189 126 2250 hoc
145 2194 256 2276 scripta
277 2195 391 2266 Nicolai
415 2195 504 2278 primi
535 2206 566 2256 et
585 2195 697 2258 Leonis
717 2197 790 2274 lX.,
821 2204 856 2256 ut
884 2191 990 2270 sileam
1019 2188 1156 2252 Coueilia

61 2283 139 2336 aute
159 2275 358 2341 Cantneuzeoi
378 2289 505 2342 aetatem
516 2299 608 2362 super
631 2278 678 2340 lns
696 2281 769 2362 ipsis
788 2277 999 2340 controversiis
1013 2274 1157 2336 'celebra-

59 2367 107 2416 ta.
151 2357 192 2420 Et
212 2361 393 2443 quibusnam
412 2361 610 2446 proponenda
642 2361 766 2424 fuerunt
790 2361 932 2444 dogmata
954 2359 1154 2438 Latinorum,

59 2437 123 2499 hoc
145 2454 207 2520 est,
233 2447 325 2526 ipsius
347 2449 502 2510 veritatis?
523 2449 573 2508 An
596 2447 738 2518 Graecis,
761 2448 813 2527 qui
834 2445 1000 2505 severitate
1031 2440 1152 2517 aversi,

58 2523 101 2582 ad
125 2523 242 2588 fabulas
263 2533 319 2590 toti
339 2532 399 2592 iam
420 2533 558 2592 conversi
578 2534 691 2590 erant?
730 2530 790 2588 Sed
811 2525 899 2588 facile
917 2536 982 2586 crat
1003 2523 1153 2602 divinare,

57 2627 141 2688 quae
160 2617 308 2674 sententia
329 2625 469 2676 secutura
499 2623 592 2686 esset,
627 2615 652 2672 si
681 2609 743 2672 litis
771 2611 863 2670 huius
889 2607 1001 2668 decisio
1030 2607 1155 2668 Graecis

56 2693 222 2756 commissa
245 2695 358 2758 suisset.
399 2697 442 2758 Et
462 2696 537 2776 quid
557 2695 615 2755 sibi
635 2692 742 2754 volunt
764 2693 816 2754 illa
836 2691 953 2753 verba:
976 2689 1152 2771 Doctrina,

54 2795 141 2857 qtcae
156 2799 234 2838 marc
245 2780 330 2861 quud
344 2781 512 2840 Romanam
531 2777 684 2839 ecclesiam
696 2781 800 2858 neget?
828 2773 983 2858 Significat
1004 2773 1151 2835 nimirum

53 2869 148 2918 alateo
168 2881 232 2922 nou
253 2864 405 2944 viguisse:
434 2885 513 2944 quae
542 2863 692 2922 accusatio
724 2861 861 2921 omnium
889 2867 1071 2919 novatorum
1092 2869 1149 2918 est.

54 2939 212 3004 bovitatis
238 2957 383 3008 accusant
413 2943 613 3008 orthodoxam
649 2943 831 3025 ecclesiam,
863 2963 903 3003 ne
930 2941 986 3024 ipsi
1009 2943 1151 3002 novitatis

53 3035 197 3088 auctores
216 3038 246 3088 ct
267 3041 429 3092 sectatores
449 3029 666 3094 existimentur.
698 3029 823 3106 Quoties
838 3026 939 3088 Latini
959 3024 1150 3083 demonstra-

51 3119 152 3187 runt,
173 3121 204 3170 et
224 3113 347 3192 quidem
368 3114 539 3190 evidenter,
552 3112 655 3174 omnia
675 3109 836 3193 dogmata,
862 3107 900 3170 de
919 3107 1030 3190 quibus
1042 3107 1150 3168 Graeci

51 3191 176 3254 Latinis
196 3193 277 3256 diem
302 3199 429 3274 dicunt,
450 3196 490 3258 ab
513 3193 685 3278 apostolicis
704 3193 892 3278 temporibus
911 3211 1031 3274 semper
1050 3191 1081 3250 iu
1100 3211 1150 3252 cc·

51 3271 149 3340 clesia
180 3276 317 3342 Romana
350 3282 502 3362 viguisse,
537 3301 636 3360 neque
660 3278 880 3340 nudiustertius
907 3285 979 3336 nata
1003 3295 1084 3351 esse,
1114 3286 1150 3335 ut

50 3369 129 3420 suut
152 3361 340 3426 Graecorum
368 3365 478 3446 placita
505 3375 536 3426 et
564 3361 706 3440 decreta,
743 3383 822 3445 quae
841 3357 953 3444 quibus
974 3357 1149 3422 auctoribus

48 3454 83 3504 et
97 3443 223 3525 quaudo
244 3452 448 3528 proseminata
461 3448 521 3508 sint
535 3494 545 3525 ‚
567 3446 669 3510 Latini
684 3445 724 3508 ad
748 3447 891 3508 amussim
905 3441 1065 3504 ostendere
1075 3464 1148 3524 pos·

50 3538 147 3600 ⁵⁰⁰²,
164 3539 195 3588 et
215 3533 333 3613 saepius
352 3536 414 3596 iam
433 3531 642 3592 ostenderunt.
683 3531 730 3592 Ut
751 3533 832 3594 euim
851 3539 973 3591 tantum
993 3527 1147 3587 nominem

50 3613 194 3694 quinque
215 3611 267 3675 illa
288 3617 405 3698 eapite,
428 3616 467 3678 de
489 3615 599 3696 quibus
610 3614 788 3677 Gennadius
809 3611 980 3698 patriarcha
995 3610 1147 3672 Constan-

49 3695 272 3775 tinopolitanae
294 3699 439 3760 adversus
466 3701 597 3760 Graecos
617 3718 674 3779 pro
694 3696 830 3760 Concilio
853 3695 1033 3758 Florentino
1054 3713 1146 3754 accu-

47 3779 203 3842 ratissime
222 3781 377 3862 disputata
407 3781 551 3863 Spiritwn
572 3794 705 3842 sancnem
726 3803 748 3842 a
777 3783 870 3844 Patre
881 3779 1014 3864 filioque
1036 3797 1146 3860 prore-

47 3865 142 3941 ἄρνε,
159 3867 367 4008 pwgatorium
389 3887 464 3940 erse,
486 3866 519 3924 in
542 3865 657 3943 ammas
679 3865 888 3924 errclmn'stiam
911 3863 969 3920 rite
990 3869 1020 3919 et
1045 3857 1144 3938 legiti-

48 3969 103 4010 me
123 3947 290 4010 ceebrarit
311 3951 430 4010 animas
447 3949 612 4023 irntomm,
654 3946 745 4007 uibus
766 3945 843 4006 nihil
858 3942 993 4004 maculae
1014 3945 1046 4002 iu
1067 3963 1142 4023 pur-

48 4030 171 4114 gatorio
192 4031 357 4114 expiandae
377 4035 475 4106 inest,
499 4032 601 4090 statim
621 3969 661 4090 eil)
683 4051 802 4090 excessu
822 4029 924 4087 Deum
945 4025 1064 4102 videre,
1081 4025 1143 4086 lio·

48 4137 234 4200 manumque
248 4116 419 4204 porrtficem
442 4117 579 4175 omnium
598 4111 793 4176 ecclesiarum
813 4112 979 4194 principem
1003 4120 1033 4169 et
1053 4119 1143 4188 carnot

49 4219 141 4280 esee,
177 4221 296 4283 semper
316 4201 412 4264 credit
439 4210 469 4260 et
490 4197 593 4260 docuit
614 4197 752 4260 Romana
773 4193 905 4260 ecclesia
948 4197 1050 4274 Quare
1072 4192 1141 4254 lieet
