<?xml version="1.0" encoding="UTF-8"?>
<!DOCTYPE html PUBLIC "-//W3C//DTD XHTML 1.0 Transitional//EN"
    "http://www.w3.org/TR/xhtml1/DTD/xhtml1-transitional.dtd">
<html xmlns="http://www.w3.org/1999/xhtml" xml:lang="en" lang="en">
 <head>
  <title>
</title>
<meta http-equiv="Content-Type" content="text/html;charset=utf-8" />
  <meta name='ocr-system' content='tesseract 3.04.00' />
  <meta name='ocr-capabilities' content='ocr_page ocr_carea ocr_par ocr_line ocrx_word'/>
</head>
<body>
  <div class='ocr_page' id='page_1' title='image "./ioanniscantacuz02niebgoog_0388.png"; bbox 0 0 2854 4936; ppageno 0'>
   <div class='ocr_carea' id='block_1_1' title="bbox 292 265 1093 389">
    <p class='ocr_par' dir='ltr' id='par_1_1' title="bbox 292 265 1093 389">
     <span class='ocr_line' id='line_1_1' title="bbox 292 265 1093 389; baseline -0.006 -24"><span class='ocrx_word' id='word_1_1' title='bbox 292 299 349 364; x_wconf 76' lang='lat' dir='ltr'><em>tu</em></span> <span class='ocrx_word' id='word_1_2' title='bbox 379 299 657 364; x_wconf 74' lang='lat' dir='ltr'><em>camararum</em></span> <span class='ocrx_word' id='word_1_3' title='bbox 686 299 762 360; x_wconf 77' lang='lat' dir='ltr'><em>Lis.</em></span> <span class='ocrx_word' id='word_1_4' title='bbox 786 302 811 360; x_wconf 86' lang='lat'><em>1.</em></span> <span class='ocrx_word' id='word_1_5' title='bbox 943 265 949 274; x_wconf 78' lang='grc'>’</span> <span class='ocrx_word' id='word_1_6' title='bbox 1015 275 1093 389; x_wconf 79' lang='lat'><em>37¹</em></span> 
     </span>
    </p>
   </div>
   <div class='ocr_carea' id='block_1_2' title="bbox 15 449 1102 4208">
    <p class='ocr_par' dir='ltr' id='par_1_2' title="bbox 36 449 1101 952">
     <span class='ocr_line' id='line_1_2' title="bbox 41 449 1097 532; baseline 0.009 -22"><span class='ocrx_word' id='word_1_7' title='bbox 41 459 112 532; x_wconf 83' lang='lat' dir='ltr'><em>pacto</em></span> <span class='ocrx_word' id='word_1_8' title='bbox 132 449 318 514; x_wconf 78' lang='lat' dir='ltr'><em>Andronicus</em></span> <span class='ocrx_word' id='word_1_9' title='bbox 352 451 446 528; x_wconf 84' lang='lat' dir='ltr'><em>filius,</em></span> <span class='ocrx_word' id='word_1_10' title='bbox 515 453 593 513; x_wconf 85' lang='lat' dir='ltr'><em>terni</em></span> <span class='ocrx_word' id='word_1_11' title='bbox 620 449 737 512; x_wconf 88' lang='lat' dir='ltr'><em>sceleris</em></span> <span class='ocrx_word' id='word_1_12' title='bbox 765 450 930 514; x_wconf 87' lang='lat' dir='ltr'><em>vindictam</em></span> <span class='ocrx_word' id='word_1_13' title='bbox 950 463 1097 530; x_wconf 86' lang='lat' dir='ltr'><em>metuens,</em></span> 
     </span>
     <span class='ocr_line' id='line_1_3' title="bbox 42 474 1101 622; baseline 0.009 -29"><span class='ocrx_word' id='word_1_14' title='bbox 42 539 81 610; x_wconf 76' lang='lat' dir='ltr'><em>(oc</em></span> <span class='ocrx_word' id='word_1_15' title='bbox 97 545 123 595; x_wconf 91' lang='lat' dir='ltr'><em>et</em></span> <span class='ocrx_word' id='word_1_16' title='bbox 147 537 207 616; x_wconf 84' lang='lat' dir='ltr'><em>ipse</em></span> <span class='ocrx_word' id='word_1_17' title='bbox 238 535 377 597; x_wconf 88' lang='lat' dir='ltr'><em>videlicet</em></span> <span class='ocrx_word' id='word_1_18' title='bbox 407 474 516 604; x_wconf 52' lang='lat' dir='ltr'><em>,ocum</em></span> <span class='ocrx_word' id='word_1_19' title='bbox 546 556 616 596; x_wconf 88' lang='lat' dir='ltr'><em>cum</em></span> <span class='ocrx_word' id='word_1_20' title='bbox 647 534 771 616; x_wconf 86' lang='lat' dir='ltr'><em>imperio</em></span> <span class='ocrx_word' id='word_1_21' title='bbox 797 537 949 598; x_wconf 86' lang='lat' dir='ltr'><em>amitteret</em></span> <span class='ocrx_word' id='word_1_22' title='bbox 980 553 1101 622; x_wconf 87' lang='lat' dir='ltr'><em>propter</em></span> 
     </span>
     <span class='ocr_line' id='line_1_4' title="bbox 41 618 1099 703; baseline 0.011 -29"><span class='ocrx_word' id='word_1_23' title='bbox 41 637 114 696; x_wconf 90' lang='lat' dir='ltr'><em>quem</em></span> <span class='ocrx_word' id='word_1_24' title='bbox 134 629 214 698; x_wconf 82' lang='lat' dir='ltr'><em>pater</em></span> <span class='ocrx_word' id='word_1_25' title='bbox 237 618 367 682; x_wconf 84' lang='lat' dir='ltr'><em>Michaci</em></span> <span class='ocrx_word' id='word_1_26' title='bbox 389 620 555 703; x_wconf 83' lang='lat' dir='ltr'><em>legitimum</em></span> <span class='ocrx_word' id='word_1_27' title='bbox 574 619 716 679; x_wconf 75' lang='lat' dir='ltr'>heredem</span> <span class='ocrx_word' id='word_1_28' title='bbox 737 619 781 678; x_wconf 85' lang='lat' dir='ltr'><em>ita</em></span> <span class='ocrx_word' id='word_1_29' title='bbox 802 619 963 681; x_wconf 84' lang='lat' dir='ltr'><em>crudeliter</em></span> <span class='ocrx_word' id='word_1_30' title='bbox 987 633 1099 686; x_wconf 86' lang='lat' dir='ltr'><em>tracta·</em></span> 
     </span>
     <span class='ocr_line' id='line_1_5' title="bbox 39 699 1100 786; baseline 0.01 -28"><span class='ocrx_word' id='word_1_31' title='bbox 39 703 129 778; x_wconf 60' lang='lat' dir='ltr'><em>verat)</em></span> <span class='ocrx_word' id='word_1_32' title='bbox 148 700 185 761; x_wconf 86' lang='lat' dir='ltr'><em>ad</em></span> <span class='ocrx_word' id='word_1_33' title='bbox 204 722 274 762; x_wconf 85' lang='lat' dir='ltr'><em>eum</em></span> <span class='ocrx_word' id='word_1_34' title='bbox 294 704 326 764; x_wconf 88' lang='lat' dir='ltr'><em>in</em></span> <span class='ocrx_word' id='word_1_35' title='bbox 340 705 473 786; x_wconf 82' lang='lat' dir='ltr'><em>quodam</em></span> <span class='ocrx_word' id='word_1_36' title='bbox 494 702 652 784; x_wconf 81' lang='lat' dir='ltr'><strong>Bithyniae</strong></span> <span class='ocrx_word' id='word_1_37' title='bbox 673 699 820 782; x_wconf 89' lang='lat' dir='ltr'><em>oppidulo</em></span> <span class='ocrx_word' id='word_1_38' title='bbox 841 704 1025 766; x_wconf 88' lang='lat' dir='ltr'><em>custoditum</em></span> <span class='ocrx_word' id='word_1_39' title='bbox 1046 729 1100 768; x_wconf 88' lang='lat' dir='ltr'><em>ve-</em></span> 
     </span>
     <span class='ocr_line' id='line_1_6' title="bbox 36 783 1099 870; baseline 0.012 -31"><span class='ocrx_word' id='word_1_40' title='bbox 36 783 114 860; x_wconf 85' lang='lat' dir='ltr'><em>acrit,</em></span> <span class='ocrx_word' id='word_1_41' title='bbox 129 783 294 848; x_wconf 88' lang='lat' dir='ltr'><em>consolatus</em></span> <span class='ocrx_word' id='word_1_42' title='bbox 312 790 363 864; x_wconf 85' lang='lat' dir='ltr'><em>sit,</em></span> <span class='ocrx_word' id='word_1_43' title='bbox 382 787 421 850; x_wconf 87' lang='lat' dir='ltr'><em>ad</em></span> <span class='ocrx_word' id='word_1_44' title='bbox 442 789 557 848; x_wconf 87' lang='lat' dir='ltr'><em>victum</em></span> <span class='ocrx_word' id='word_1_45' title='bbox 576 795 606 846; x_wconf 89' lang='lat' dir='ltr'><em>et</em></span> <span class='ocrx_word' id='word_1_46' title='bbox 626 783 742 846; x_wconf 87' lang='lat' dir='ltr'><em>cultum</em></span> <span class='ocrx_word' id='word_1_47' title='bbox 757 786 869 862; x_wconf 84' lang='lat' dir='ltr'><em>omnia,</em></span> <span class='ocrx_word' id='word_1_48' title='bbox 891 789 993 870; x_wconf 83' lang='lat' dir='ltr'><em>quoad</em></span> <span class='ocrx_word' id='word_1_49' title='bbox 1013 791 1099 852; x_wconf 87' lang='lat' dir='ltr'><em>vive-</em></span> 
     </span>
     <span class='ocr_line' id='line_1_7' title="bbox 39 869 458 952; baseline 0.017 -28"><span class='ocrx_word' id='word_1_50' title='bbox 39 875 85 942; x_wconf 85' lang='lat' dir='ltr'><em>ret,</em></span> <span class='ocrx_word' id='word_1_51' title='bbox 103 869 303 952; x_wconf 85' lang='lat' dir='ltr'><em>suppeditarit.</em></span> <span class='ocrx_word' id='word_1_52' title='bbox 326 891 458 934; x_wconf 74' lang='lat' dir='ltr'><em>rosiris.</em></span> 
     </span>
    </p>

    <p class='ocr_par' dir='ltr' id='par_1_3' title="bbox 103 948 518 1034">
     <span class='ocr_line' id='line_1_8' title="bbox 103 948 518 1034; baseline 0 -21"><span class='ocrx_word' id='word_1_53' title='bbox 103 948 233 1032; x_wconf 83' lang='lat' dir='ltr'><em>Pog.11‚</em></span> <span class='ocrx_word' id='word_1_54' title='bbox 267 954 454 1034; x_wconf 77' lang='grc' dir='ltr'><em>,γεγένηται</em></span> <span class='ocrx_word' id='word_1_55' title='bbox 474 955 518 1021; x_wconf 86' lang='grc' dir='ltr'><em>Μ.</em></span> 
     </span>
    </p>

    <p class='ocr_par' dir='ltr' id='par_1_4' title="bbox 23 975 1102 2766">
     <span class='ocr_line' id='line_1_9' title="bbox 103 975 1100 1118; baseline 0.007 -24"><span class='ocrx_word' id='word_1_56' title='bbox 103 1033 174 1116; x_wconf 87' lang='lat' dir='ltr'><em>Pog.</em></span> <span class='ocrx_word' id='word_1_57' title='bbox 188 975 275 1114; x_wconf 56' lang='lat' dir='ltr'><em>sud.</em></span> <span class='ocrx_word' id='word_1_58' title='bbox 296 1038 347 1098; x_wconf 86' lang='lat' dir='ltr'><em>ad</em></span> <span class='ocrx_word' id='word_1_59' title='bbox 366 1037 597 1098; x_wconf 76' lang='lat' dir='ltr'><em>Michaelem</em></span> <span class='ocrx_word' id='word_1_60' title='bbox 621 1033 907 1118; x_wconf 77' lang='lat' dir='ltr'><em>Palaeolo‘gum.</em></span> <span class='ocrx_word' id='word_1_61' title='bbox 935 1037 1100 1102; x_wconf 81' lang='lat' dir='ltr'><em>Familiam</em></span> 
     </span>
     <span class='ocr_line' id='line_1_10' title="bbox 37 1111 1100 1204; baseline 0.008 -29"><span class='ocrx_word' id='word_1_62' title='bbox 37 1111 262 1198; x_wconf 79' lang='lat' dir='ltr'><em>Palaeologomm</em></span> <span class='ocrx_word' id='word_1_63' title='bbox 277 1141 319 1182; x_wconf 83' lang='lat' dir='ltr'><em>es:</em></span> <span class='ocrx_word' id='word_1_64' title='bbox 328 1120 422 1182; x_wconf 88' lang='lat' dir='ltr'><em>ltalia</em></span> <span class='ocrx_word' id='word_1_65' title='bbox 432 1135 462 1182; x_wconf 88' lang='lat' dir='ltr'><em>et</em></span> <span class='ocrx_word' id='word_1_66' title='bbox 472 1119 606 1198; x_wconf 86' lang='lat' dir='ltr'><em>Viterbo,</em></span> <span class='ocrx_word' id='word_1_67' title='bbox 627 1120 773 1182; x_wconf 81' lang='lat' dir='ltr'><em>Etruriae</em></span> <span class='ocrx_word' id='word_1_68' title='bbox 785 1122 905 1182; x_wconf 84' lang='lat' dir='ltr'><em>civitate</em></span> <span class='ocrx_word' id='word_1_69' title='bbox 918 1122 1001 1184; x_wconf 71' lang='lat' dir='ltr'><em>lamed</em></span> <span class='ocrx_word' id='word_1_70' title='bbox 1018 1126 1100 1204; x_wconf 76' lang='lat' dir='ltr'><em>igno·</em></span> 
     </span>
     <span class='ocr_line' id='line_1_11' title="bbox 37 1197 1100 1289; baseline 0.011 -35"><span class='ocrx_word' id='word_1_71' title='bbox 37 1197 87 1270; x_wconf 81' lang='lat' dir='ltr'><em>iili,</em></span> <span class='ocrx_word' id='word_1_72' title='bbox 109 1203 245 1282; x_wconf 73' lang='lat' dir='ltr'><em>originem</em></span> <span class='ocrx_word' id='word_1_73' title='bbox 268 1207 408 1278; x_wconf 75' lang='lat' dir='ltr'><em>traxisse,</em></span> <span class='ocrx_word' id='word_1_74' title='bbox 428 1206 577 1266; x_wconf 78' lang='lat' dir='ltr'><em>nonnullis</em></span> <span class='ocrx_word' id='word_1_75' title='bbox 592 1203 710 1287; x_wconf 83' lang='lat' dir='ltr'><em>placet.-</em></span> <span class='ocrx_word' id='word_1_76' title='bbox 733 1217 761 1266; x_wconf 88' lang='lat' dir='ltr'><em>et</em></span> <span class='ocrx_word' id='word_1_77' title='bbox 784 1206 954 1265; x_wconf 85' lang='lat' dir='ltr'><em>continuato</em></span> <span class='ocrx_word' id='word_1_78' title='bbox 967 1207 1100 1289; x_wconf 84' lang='lat' dir='ltr'><em>quadam</em></span> 
     </span>
     <span class='ocr_line' id='line_1_12' title="bbox 33 1285 1102 1372; baseline 0.011 -34"><span class='ocrx_word' id='word_1_79' title='bbox 33 1285 94 1342; x_wconf 84' lang='lat' dir='ltr'><em>sen&#39;e</em></span> <span class='ocrx_word' id='word_1_80' title='bbox 123 1305 163 1344; x_wconf 81' lang='lat' dir='ltr'><em>ex</em></span> <span class='ocrx_word' id='word_1_81' title='bbox 190 1287 247 1348; x_wconf 83' lang='lat' dir='ltr'><em>ltoe</em></span> <span class='ocrx_word' id='word_1_82' title='bbox 275 1287 417 1348; x_wconf 55' lang='lat' dir='ltr'><em>&amp;sares</em></span> <span class='ocrx_word' id='word_1_83' title='bbox 441 1289 566 1372; x_wconf 86' lang='lat' dir='ltr'><em>imperio</em></span> <span class='ocrx_word' id='word_1_84' title='bbox 589 1285 910 1370; x_wconf 84' lang='lat' dir='ltr'><em>Constantinopolitano</em></span> <span class='ocrx_word' id='word_1_85' title='bbox 931 1289 1002 1349; x_wconf 85' lang='lat' dir='ltr'><em>dati</em></span> <span class='ocrx_word' id='word_1_86' title='bbox 1034 1304 1102 1350; x_wconf 82' lang='lat' dir='ltr'><em>surtt</em></span> 
     </span>
     <span class='ocr_line' id='line_1_13' title="bbox 32 1367 1100 1456; baseline 0.008 -33"><span class='ocrx_word' id='word_1_87' title='bbox 32 1367 371 1432; x_wconf 65' lang='lat' dir='ltr'><em>antemuranum</em></span> <span class='ocrx_word' id='word_1_88' title='bbox 392 1373 559 1454; x_wconf 75' lang='lat' dir='ltr'><em>nonaginta</em></span> <span class='ocrx_word' id='word_1_89' title='bbox 581 1384 724 1456; x_wconf 79' lang='lat' dir='ltr'><em>qrsatrwr:</em></span> <span class='ocrx_word' id='word_1_90' title='bbox 745 1371 839 1432; x_wconf 88' lang='lat' dir='ltr'><em>donec</em></span> <span class='ocrx_word' id='word_1_91' title='bbox 859 1370 980 1432; x_wconf 84' lang='lat' dir='ltr'><em>tandem</em></span> <span class='ocrx_word' id='word_1_92' title='bbox 1006 1374 1100 1450; x_wconf 87' lang='lat' dir='ltr'><em>refri-</em></span> 
     </span>
     <span class='ocr_line' id='line_1_14' title="bbox 30 1453 1100 1538; baseline 0.008 -31"><span class='ocrx_word' id='word_1_93' title='bbox 30 1463 141 1525; x_wconf 79' lang='lat' dir='ltr'><em>gescente</em></span> <span class='ocrx_word' id='word_1_94' title='bbox 166 1453 308 1536; x_wconf 73' lang='lat' dir='ltr'><em>pristiam·</em></span> <span class='ocrx_word' id='word_1_95' title='bbox 327 1455 385 1516; x_wconf 88' lang='lat' dir='ltr'><em>illa</em></span> <span class='ocrx_word' id='word_1_96' title='bbox 422 1457 531 1516; x_wconf 82' lang='lat' dir='ltr'><em>virmte</em></span> <span class='ocrx_word' id='word_1_97' title='bbox 589 1457 736 1538; x_wconf 72' lang='lat' dir='ltr'><em>seiamque</em></span> <span class='ocrx_word' id='word_1_98' title='bbox 763 1454 965 1530; x_wconf 75' lang='lat' dir='ltr'><em>Christiana,</em></span> <span class='ocrx_word' id='word_1_99' title='bbox 998 1458 1100 1516; x_wconf 80' lang='lat' dir='ltr'><em>omnia</em></span> 
     </span>
     <span class='ocr_line' id='line_1_15' title="bbox 30 1533 1097 1625; baseline 0.006 -33"><span class='ocrx_word' id='word_1_100' title='bbox 30 1533 132 1625; x_wconf 63' lang='lat' dir='ltr'><em>segnitie</em></span> <span class='ocrx_word' id='word_1_101' title='bbox 167 1536 280 1596; x_wconf 74' lang='lat' dir='ltr'><em>radam</em></span> <span class='ocrx_word' id='word_1_102' title='bbox 315 1551 344 1599; x_wconf 90' lang='lat' dir='ltr'><em>et</em></span> <span class='ocrx_word' id='word_1_103' title='bbox 361 1538 488 1598; x_wconf 85' lang='lat' dir='ltr'><em>diversis</em></span> <span class='ocrx_word' id='word_1_104' title='bbox 505 1553 531 1599; x_wconf 88' lang='lat' dir='ltr'><em>st</em></span> <span class='ocrx_word' id='word_1_105' title='bbox 579 1540 610 1598; x_wconf 84' lang='lat' dir='ltr'><em>”s</em></span> <span class='ocrx_word' id='word_1_106' title='bbox 627 1541 660 1600; x_wconf 84' lang='lat' dir='ltr'><em>in</em></span> <span class='ocrx_word' id='word_1_107' title='bbox 680 1537 808 1598; x_wconf 83' lang='lat' dir='ltr'><em>deterius</em></span> <span class='ocrx_word' id='word_1_108' title='bbox 832 1537 897 1596; x_wconf 85' lang='lat' dir='ltr'><em>lobi</em></span> <span class='ocrx_word' id='word_1_109' title='bbox 924 1551 1097 1620; x_wconf 74' lang='lat' dir='ltr'><em>corporari,</em></span> 
     </span>
     <span class='ocr_line' id='line_1_16' title="bbox 30 1558 1099 1704; baseline 0.013 -36"><span class='ocrx_word' id='word_1_110' title='bbox 30 1632 72 1690; x_wconf 84' lang='lat' dir='ltr'><em>uc,</em></span> <span class='ocrx_word' id='word_1_111' title='bbox 88 1630 117 1676; x_wconf 88' lang='lat' dir='ltr'><em>nt</em></span> <span class='ocrx_word' id='word_1_112' title='bbox 127 1558 373 1702; x_wconf 52' lang='grc' dir='ltr'><em>ιᾸοιπειιῖίεειὶηιιηι</em></span> <span class='ocrx_word' id='word_1_113' title='bbox 398 1621 579 1683; x_wconf 88' lang='lat' dir='ltr'><em>Graecorum</em></span> <span class='ocrx_word' id='word_1_114' title='bbox 601 1622 761 1704; x_wconf 83' lang='lat' dir='ltr'><em>imperium</em></span> <span class='ocrx_word' id='word_1_115' title='bbox 782 1623 816 1679; x_wconf 87' lang='lat' dir='ltr'><em>in</em></span> <span class='ocrx_word' id='word_1_116' title='bbox 845 1620 1009 1680; x_wconf 84' lang='lat' dir='ltr'><em>Turcorum</em></span> <span class='ocrx_word' id='word_1_117' title='bbox 1031 1642 1099 1682; x_wconf 86' lang='lat' dir='ltr'><em>mo-</em></span> 
     </span>
     <span class='ocr_line' id='line_1_17' title="bbox 31 1703 1100 1787; baseline 0.004 -27"><span class='ocrx_word' id='word_1_118' title='bbox 31 1715 73 1754; x_wconf 76' lang='lat' dir='ltr'><em>tus</em></span> <span class='ocrx_word' id='word_1_119' title='bbox 100 1721 134 1760; x_wconf 90' lang='lat' dir='ltr'><em>ac</em></span> <span class='ocrx_word' id='word_1_120' title='bbox 166 1717 341 1786; x_wconf 86' lang='lat' dir='ltr'><em>potestatem</em></span> <span class='ocrx_word' id='word_1_121' title='bbox 377 1706 529 1768; x_wconf 80' lang='lat' dir='ltr'><em>deveniret</em></span> <span class='ocrx_word' id='word_1_122' title='bbox 572 1726 652 1766; x_wconf 88' lang='lat' dir='ltr'><em>anno</em></span> <span class='ocrx_word' id='word_1_123' title='bbox 688 1703 845 1764; x_wconf 84' lang='lat' dir='ltr'><em>millesimo</em></span> <span class='ocrx_word' id='word_1_124' title='bbox 867 1704 1100 1787; x_wconf 83' lang='lat' dir='ltr'><em>quadringente-</em></span> 
     </span>
     <span class='ocr_line' id='line_1_18' title="bbox 28 1780 1099 1874; baseline 0.007 -35"><span class='ocrx_word' id='word_1_125' title='bbox 28 1780 90 1840; x_wconf 82' lang='lat' dir='ltr'><em>simo</em></span> <span class='ocrx_word' id='word_1_126' title='bbox 117 1787 356 1872; x_wconf 82' lang='lat' dir='ltr'><em>quinquagesimo</em></span> <span class='ocrx_word' id='word_1_127' title='bbox 382 1791 489 1866; x_wconf 88' lang='lat' dir='ltr'><em>tertio,</em></span> <span class='ocrx_word' id='word_1_128' title='bbox 522 1801 680 1874; x_wconf 80' lang='lat' dir='ltr'><em>postquam</em></span> <span class='ocrx_word' id='word_1_129' title='bbox 707 1787 807 1860; x_wconf 90' lang='lat' dir='ltr'><em>mille,</em></span> <span class='ocrx_word' id='word_1_130' title='bbox 838 1799 952 1848; x_wconf 84' lang='lat' dir='ltr'><em>centum</em></span> <span class='ocrx_word' id='word_1_131' title='bbox 978 1799 1008 1846; x_wconf 88' lang='lat' dir='ltr'><em>et</em></span> <span class='ocrx_word' id='word_1_132' title='bbox 1031 1807 1099 1846; x_wconf 75' lang='lat' dir='ltr'><em>arn-</em></span> 
     </span>
     <span class='ocr_line' id='line_1_19' title="bbox 25 1861 1100 1952; baseline 0 -24"><span class='ocrx_word' id='word_1_133' title='bbox 25 1861 90 1940; x_wconf 71' lang='lat' dir='ltr'><em>plt&#39;us</em></span> <span class='ocrx_word' id='word_1_134' title='bbox 111 1871 271 1952; x_wconf 78' lang='lat' dir='ltr'><em>nonaginta</em></span> <span class='ocrx_word' id='word_1_135' title='bbox 291 1874 378 1932; x_wconf 71' lang='lat' dir='ltr'><em>annis</em></span> <span class='ocrx_word' id='word_1_136' title='bbox 408 1873 550 1934; x_wconf 81' lang='lat' dir='ltr'><em>incolcone</em></span> <span class='ocrx_word' id='word_1_137' title='bbox 580 1874 711 1936; x_wconf 77' lang='lat' dir='ltr'><em>stetisset.</em></span> <span class='ocrx_word' id='word_1_138' title='bbox 755 1868 797 1930; x_wconf 88' lang='lat' dir='ltr'><em>llt</em></span> <span class='ocrx_word' id='word_1_139' title='bbox 822 1883 921 1929; x_wconf 87' lang='lat' dir='ltr'><em>autem</em></span> <span class='ocrx_word' id='word_1_140' title='bbox 941 1870 1100 1952; x_wconf 84' lang='lat' dir='ltr'><em>imperium</em></span> 
     </span>
     <span class='ocr_line' id='line_1_20' title="bbox 28 1944 1100 2037; baseline 0.003 -28"><span class='ocrx_word' id='word_1_141' title='bbox 28 1944 71 2004; x_wconf 77' lang='lat' dir='ltr'><em>loc</em></span> <span class='ocrx_word' id='word_1_142' title='bbox 87 1971 106 2008; x_wconf 88' lang='lat' dir='ltr'><em>a</em></span> <span class='ocrx_word' id='word_1_143' title='bbox 125 1953 312 2016; x_wconf 80' lang='lat' dir='ltr'><em>Constaruino</em></span> <span class='ocrx_word' id='word_1_144' title='bbox 333 1975 451 2036; x_wconf 88' lang='lat' dir='ltr'><em>magno,</em></span> <span class='ocrx_word' id='word_1_145' title='bbox 479 1955 600 2016; x_wconf 82' lang='lat' dir='ltr'><em>Heleno</em></span> <span class='ocrx_word' id='word_1_146' title='bbox 624 1966 717 2014; x_wconf 78' lang='lat' dir='ltr'><em>matre</em></span> <span class='ocrx_word' id='word_1_147' title='bbox 732 1955 843 2032; x_wconf 77' lang='lat' dir='ltr'><em>gestito,</em></span> <span class='ocrx_word' id='word_1_148' title='bbox 861 1953 1017 2037; x_wconf 75' lang='lat' dir='ltr'><em>quidone</em></span> <span class='ocrx_word' id='word_1_149' title='bbox 1047 1973 1100 2012; x_wconf 76' lang='lat' dir='ltr'><em>rer·-</em></span> 
     </span>
     <span class='ocr_line' id='line_1_21' title="bbox 29 2025 1099 2119; baseline 0.002 -27"><span class='ocrx_word' id='word_1_150' title='bbox 29 2025 78 2088; x_wconf 75' lang='lat' dir='ltr'><em>lem</em></span> <span class='ocrx_word' id='word_1_151' title='bbox 93 2055 108 2092; x_wconf 91' lang='lat' dir='ltr'><em>e</em></span> <span class='ocrx_word' id='word_1_152' title='bbox 123 2035 280 2098; x_wconf 76' lang='lat' dir='ltr'><em>ruderibus</em></span> <span class='ocrx_word' id='word_1_153' title='bbox 306 2051 336 2098; x_wconf 88' lang='lat' dir='ltr'><em>et</em></span> <span class='ocrx_word' id='word_1_154' title='bbox 363 2039 562 2100; x_wconf 84' lang='lat' dir='ltr'><em>nobilissimae</em></span> <span class='ocrx_word' id='word_1_155' title='bbox 589 2037 773 2119; x_wconf 79' lang='lat' dir='ltr'><em>amiquitotis</em></span> <span class='ocrx_word' id='word_1_156' title='bbox 791 2027 980 2114; x_wconf 68' lang='lat' dir='ltr'><em>fragmentis</em></span> <span class='ocrx_word' id='word_1_157' title='bbox 1005 2036 1099 2117; x_wconf 75' lang='lat' dir='ltr'><em>plaste</em></span> 
     </span>
     <span class='ocr_line' id='line_1_22' title="bbox 27 2119 1096 2205; baseline -0.004 -25"><span class='ocrx_word' id='word_1_158' title='bbox 27 2131 118 2176; x_wconf 69' lang='lat' dir='ltr'><em>twam</em></span> <span class='ocrx_word' id='word_1_159' title='bbox 145 2122 289 2198; x_wconf 74' lang='lat' dir='ltr'><em>reficeret</em></span> <span class='ocrx_word' id='word_1_160' title='bbox 311 2123 444 2205; x_wconf 77' lang='lat' dir='ltr'><em>miroque</em></span> <span class='ocrx_word' id='word_1_161' title='bbox 475 2134 583 2182; x_wconf 81' lang='lat' dir='ltr'><em>orrmtu</em></span> <span class='ocrx_word' id='word_1_162' title='bbox 605 2130 824 2192; x_wconf 68' lang='lat' dir='ltr'><em>exemerat,</em></span> <span class='ocrx_word' id='word_1_163' title='bbox 852 2119 968 2178; x_wconf 84' lang='lat' dir='ltr'><em>im‘tium</em></span> <span class='ocrx_word' id='word_1_164' title='bbox 985 2119 1096 2190; x_wconf 81' lang='lat' dir='ltr'><em>habuit,</em></span> 
     </span>
     <span class='ocr_line' id='line_1_23' title="bbox 26 2195 1095 2286; baseline 0.012 -39"><span class='ocrx_word' id='word_1_165' title='bbox 26 2195 60 2252; x_wconf 79' lang='lat' dir='ltr'><em>sic</em></span> <span class='ocrx_word' id='word_1_166' title='bbox 76 2219 139 2262; x_wconf 88' lang='lat' dir='ltr'><em>sane</em></span> <span class='ocrx_word' id='word_1_167' title='bbox 154 2204 187 2263; x_wconf 87' lang='lat' dir='ltr'><em>in</em></span> <span class='ocrx_word' id='word_1_168' title='bbox 206 2205 398 2266; x_wconf 85' lang='lat' dir='ltr'><em>Constantino</em></span> <span class='ocrx_word' id='word_1_169' title='bbox 418 2219 534 2278; x_wconf 87' lang='lat' dir='ltr'><em>octavo,</em></span> <span class='ocrx_word' id='word_1_170' title='bbox 559 2203 611 2264; x_wconf 89' lang='lat' dir='ltr'><em>cui</em></span> <span class='ocrx_word' id='word_1_171' title='bbox 629 2223 742 2286; x_wconf 83' lang='lat' dir='ltr'><em>quoquc</em></span> <span class='ocrx_word' id='word_1_172' title='bbox 769 2213 865 2262; x_wconf 69' lang='lat' dir='ltr'><em>araur</em></span> <span class='ocrx_word' id='word_1_173' title='bbox 880 2199 949 2284; x_wconf 88' lang='lat' dir='ltr'><em>suit</em></span> <span class='ocrx_word' id='word_1_174' title='bbox 964 2200 1095 2276; x_wconf 85' lang='lat' dir='ltr'><em>Helena,</em></span> 
     </span>
     <span class='ocr_line' id='line_1_24' title="bbox 27 2275 1094 2370; baseline -0.005 -21"><span class='ocrx_word' id='word_1_175' title='bbox 27 2275 104 2342; x_wconf 73' lang='lat' dir='ltr'><em>iesu.</em></span> <span class='ocrx_word' id='word_1_176' title='bbox 144 2287 224 2370; x_wconf 71' lang='lat' dir='ltr'><em>Quis</em></span> <span class='ocrx_word' id='word_1_177' title='bbox 253 2289 345 2350; x_wconf 86' lang='lat' dir='ltr'><em>etiam</em></span> <span class='ocrx_word' id='word_1_178' title='bbox 371 2309 438 2348; x_wconf 88' lang='lat' dir='ltr'><em>cum</em></span> <span class='ocrx_word' id='word_1_179' title='bbox 469 2289 504 2350; x_wconf 89' lang='lat' dir='ltr'><em>id</em></span> <span class='ocrx_word' id='word_1_180' title='bbox 531 2289 688 2350; x_wconf 77' lang='lat' dir='ltr'><em>temtissent</em></span> <span class='ocrx_word' id='word_1_181' title='bbox 709 2285 815 2344; x_wconf 84' lang='lat' dir='ltr'><em>Latini</em></span> <span class='ocrx_word' id='word_1_182' title='bbox 835 2297 907 2367; x_wconf 84' lang='lat' dir='ltr'><em>quot</em></span> <span class='ocrx_word' id='word_1_183' title='bbox 931 2286 1020 2344; x_wconf 70' lang='lat' dir='ltr'><em>annas</em></span> <span class='ocrx_word' id='word_1_184' title='bbox 1045 2306 1094 2344; x_wconf 88' lang='lat' dir='ltr'><em>su·</em></span> 
     </span>
     <span class='ocr_line' id='line_1_25' title="bbox 23 2365 1093 2455; baseline -0.002 -28"><span class='ocrx_word' id='word_1_185' title='bbox 23 2379 71 2440; x_wconf 73' lang='lat' dir='ltr'><em>pra</em></span> <span class='ocrx_word' id='word_1_186' title='bbox 87 2365 236 2449; x_wconf 65' lang='lat' dir='ltr'><em>dumus,</em></span> <span class='ocrx_word' id='word_1_187' title='bbox 261 2383 293 2431; x_wconf 87' lang='lat' dir='ltr'><em>et</em></span> <span class='ocrx_word' id='word_1_188' title='bbox 308 2391 411 2432; x_wconf 77' lang='lat' dir='ltr'><em>eonem</em></span> <span class='ocrx_word' id='word_1_189' title='bbox 431 2375 565 2455; x_wconf 74' lang='lat' dir='ltr'><em>aruspicia</em></span> <span class='ocrx_word' id='word_1_190' title='bbox 584 2371 672 2451; x_wconf 85' lang='lat' dir='ltr'><em>regni</em></span> <span class='ocrx_word' id='word_1_191' title='bbox 695 2390 715 2427; x_wconf 89' lang='lat' dir='ltr'><em>a</em></span> <span class='ocrx_word' id='word_1_192' title='bbox 734 2366 899 2444; x_wconf 82' lang='lat' dir='ltr'><em>Balduino,</em></span> <span class='ocrx_word' id='word_1_193' title='bbox 924 2367 1093 2428; x_wconf 80' lang='lat' dir='ltr'><em>Flandriae</em></span> 
     </span>
     <span class='ocr_line' id='line_1_26' title="bbox 25 2449 1093 2540; baseline 0.007 -38"><span class='ocrx_word' id='word_1_194' title='bbox 25 2449 118 2528; x_wconf 68' lang='lat' dir='ltr'><em>amu,</em></span> <span class='ocrx_word' id='word_1_195' title='bbox 135 2457 306 2539; x_wconf 74' lang='lat' dir='ltr'><em>coepissent,</em></span> <span class='ocrx_word' id='word_1_196' title='bbox 326 2457 369 2514; x_wconf 88' lang='lat' dir='ltr'><em>ric</em></span> <span class='ocrx_word' id='word_1_197' title='bbox 390 2456 583 2540; x_wconf 86' lang='lat' dir='ltr'><em>postmodum</em></span> <span class='ocrx_word' id='word_1_198' title='bbox 600 2455 633 2514; x_wconf 90' lang='lat' dir='ltr'><em>in</em></span> <span class='ocrx_word' id='word_1_199' title='bbox 652 2452 825 2522; x_wconf 86' lang='lat' dir='ltr'><em>Balduino‚</em></span> <span class='ocrx_word' id='word_1_200' title='bbox 850 2449 978 2512; x_wconf 80' lang='lat' dir='ltr'><em>seczsndo</em></span> <span class='ocrx_word' id='word_1_201' title='bbox 1003 2451 1093 2512; x_wconf 86' lang='lat' dir='ltr'><em>nimi·</em></span> 
     </span>
     <span class='ocr_line' id='line_1_27' title="bbox 25 2533 1092 2614; baseline -0.003 -19"><span class='ocrx_word' id='word_1_202' title='bbox 25 2545 75 2588; x_wconf 61' lang='lat' dir='ltr'><em>nim</em></span> <span class='ocrx_word' id='word_1_203' title='bbox 95 2533 175 2596; x_wconf 74' lang='lat' dir='ltr'><em>tuta</em></span> <span class='ocrx_word' id='word_1_204' title='bbox 189 2539 338 2612; x_wconf 87' lang='lat' dir='ltr'><em>nominis,</em></span> <span class='ocrx_word' id='word_1_205' title='bbox 360 2539 565 2599; x_wconf 84' lang='lat' dir='ltr'><em>concidenmt.</em></span> <span class='ocrx_word' id='word_1_206' title='bbox 607 2537 708 2612; x_wconf 85' lang='lat' dir='ltr'><em>Haec,</em></span> <span class='ocrx_word' id='word_1_207' title='bbox 735 2542 771 2594; x_wconf 92' lang='lat' dir='ltr'><em>ut</em></span> <span class='ocrx_word' id='word_1_208' title='bbox 794 2536 954 2614; x_wconf 87' lang='lat' dir='ltr'><em>perspicua</em></span> <span class='ocrx_word' id='word_1_209' title='bbox 985 2543 1016 2592; x_wconf 91' lang='lat' dir='ltr'><em>et</em></span> <span class='ocrx_word' id='word_1_210' title='bbox 1039 2553 1092 2592; x_wconf 89' lang='lat' dir='ltr'><em>co-</em></span> 
     </span>
     <span class='ocr_line' id='line_1_28' title="bbox 25 2613 1092 2703; baseline 0.004 -33"><span class='ocrx_word' id='word_1_211' title='bbox 25 2613 93 2685; x_wconf 78' lang='lat' dir='ltr'><em>gnitu</em></span> <span class='ocrx_word' id='word_1_212' title='bbox 115 2617 212 2700; x_wconf 81' lang='lat' dir='ltr'><em>digna,</em></span> <span class='ocrx_word' id='word_1_213' title='bbox 235 2643 272 2682; x_wconf 82' lang='lat' dir='ltr'><em>ex</em></span> <span class='ocrx_word' id='word_1_214' title='bbox 293 2621 390 2682; x_wconf 85' lang='lat' dir='ltr'><em>Bizari</em></span> <span class='ocrx_word' id='word_1_215' title='bbox 410 2621 490 2684; x_wconf 87' lang='lat' dir='ltr'><em>libro</em></span> <span class='ocrx_word' id='word_1_216' title='bbox 508 2621 607 2703; x_wconf 86' lang='lat' dir='ltr'><em>primo</em></span> <span class='ocrx_word' id='word_1_217' title='bbox 632 2619 670 2680; x_wconf 88' lang='lat' dir='ltr'><em>de</em></span> <span class='ocrx_word' id='word_1_218' title='bbox 690 2614 771 2680; x_wconf 87' lang='lat' dir='ltr'><em>helio</em></span> <span class='ocrx_word' id='word_1_219' title='bbox 789 2617 907 2678; x_wconf 85' lang='lat' dir='ltr'><em>Veneto</em></span> <span class='ocrx_word' id='word_1_220' title='bbox 931 2615 1092 2676; x_wconf 82' lang='lat' dir='ltr'><em>inserenda</em></span> 
     </span>
     <span class='ocr_line' id='line_1_29' title="bbox 24 2691 317 2766; baseline 0.041 -11"><span class='ocrx_word' id='word_1_221' title='bbox 24 2691 153 2762; x_wconf 84' lang='lat' dir='ltr'><em>duximus.</em></span> <span class='ocrx_word' id='word_1_222' title='bbox 181 2725 317 2766; x_wconf 76' lang='lat' dir='ltr'><em>rorrsr.</em></span> 
     </span>
    </p>

    <p class='ocr_par' dir='ltr' id='par_1_5' title="bbox 20 2780 1092 3271">
     <span class='ocr_line' id='line_1_30' title="bbox 88 2780 1092 2871; baseline -0.002 -29"><span class='ocrx_word' id='word_1_223' title='bbox 88 2783 161 2866; x_wconf 85' lang='lat' dir='ltr'><em>Pag.</em></span> <span class='ocrx_word' id='word_1_224' title='bbox 190 2807 236 2863; x_wconf 83' lang='grc' dir='ltr'><em>ιι,</em></span> <span class='ocrx_word' id='word_1_225' title='bbox 264 2807 295 2871; x_wconf 85' lang='lat'><em>9.</em></span> <span class='ocrx_word' id='word_1_226' title='bbox 330 2789 393 2850; x_wconf 79' lang='lat' dir='ltr'><em>liic</em></span> <span class='ocrx_word' id='word_1_227' title='bbox 433 2789 605 2849; x_wconf 79' lang='lat' dir='ltr'><em>sustulit</em></span> <span class='ocrx_word' id='word_1_228' title='bbox 647 2785 813 2846; x_wconf 84' lang='lat' dir='ltr'><em>liberos.</em></span> <span class='ocrx_word' id='word_1_229' title='bbox 876 2780 1092 2840; x_wconf 88' lang='lat' dir='ltr'><em>Posteritatem</em></span> 
     </span>
     <span class='ocr_line' id='line_1_31' title="bbox 24 2857 1091 2954; baseline 0.007 -38"><span class='ocrx_word' id='word_1_230' title='bbox 24 2857 160 2930; x_wconf 80' lang='lat' dir='ltr'><em>Michaelis</em></span> <span class='ocrx_word' id='word_1_231' title='bbox 183 2869 357 2954; x_wconf 82' lang='lat' dir='ltr'><em>Palacologi</em></span> <span class='ocrx_word' id='word_1_232' title='bbox 380 2884 443 2934; x_wconf 86' lang='lat' dir='ltr'><em>tam</em></span> <span class='ocrx_word' id='word_1_233' title='bbox 462 2872 622 2944; x_wconf 86' lang='lat' dir='ltr'><em>distincte,</em></span> <span class='ocrx_word' id='word_1_234' title='bbox 645 2868 734 2950; x_wconf 82' lang='lat' dir='ltr'><em>piene</em></span> <span class='ocrx_word' id='word_1_235' title='bbox 764 2885 798 2924; x_wconf 88' lang='lat' dir='ltr'><em>ac</em></span> <span class='ocrx_word' id='word_1_236' title='bbox 829 2885 900 2926; x_wconf 87' lang='lat' dir='ltr'><em>vere</em></span> <span class='ocrx_word' id='word_1_237' title='bbox 921 2885 982 2922; x_wconf 87' lang='lat' dir='ltr'><em>non</em></span> <span class='ocrx_word' id='word_1_238' title='bbox 1005 2861 1091 2924; x_wconf 83' lang='lat' dir='ltr'><em>facile</em></span> 
     </span>
     <span class='ocr_line' id='line_1_32' title="bbox 22 2945 1091 3033; baseline -0.004 -25"><span class='ocrx_word' id='word_1_239' title='bbox 22 2947 177 3022; x_wconf 72' lang='lat' dir='ltr'><em>spedulias</em></span> <span class='ocrx_word' id='word_1_240' title='bbox 196 2975 232 3016; x_wconf 85' lang='lat' dir='ltr'><em>ex</em></span> <span class='ocrx_word' id='word_1_241' title='bbox 256 2952 378 3017; x_wconf 87' lang='lat' dir='ltr'><em>licatam</em></span> <span class='ocrx_word' id='word_1_242' title='bbox 398 2975 515 3016; x_wconf 84' lang='lat' dir='ltr'><em>cernas.</em></span> <span class='ocrx_word' id='word_1_243' title='bbox 559 2953 651 3031; x_wconf 87' lang='lat' dir='ltr'><em>Quod</em></span> <span class='ocrx_word' id='word_1_244' title='bbox 669 2949 858 3033; x_wconf 82' lang='lat' dir='ltr'><em>ignorantiae</em></span> <span class='ocrx_word' id='word_1_245' title='bbox 871 2945 1016 3006; x_wconf 85' lang='lat' dir='ltr'><em>historiae</em></span> <span class='ocrx_word' id='word_1_246' title='bbox 1030 2945 1091 3005; x_wconf 91' lang='lat' dir='ltr'><em>hu-</em></span> 
     </span>
     <span class='ocr_line' id='line_1_33' title="bbox 22 2975 1090 3123; baseline -0.007 -28"><span class='ocrx_word' id='word_1_247' title='bbox 22 3025 76 3106; x_wconf 70' lang='lat' dir='ltr'><em>ius,</em></span> <span class='ocrx_word' id='word_1_248' title='bbox 99 3055 176 3116; x_wconf 85' lang='lat' dir='ltr'><em>quae</em></span> <span class='ocrx_word' id='word_1_249' title='bbox 196 2975 299 3100; x_wconf 77' lang='lat' dir='ltr'><em>adhuc</em></span> <span class='ocrx_word' id='word_1_250' title='bbox 318 3040 350 3101; x_wconf 87' lang='lat' dir='ltr'><em>ia</em></span> <span class='ocrx_word' id='word_1_251' title='bbox 371 3039 504 3100; x_wconf 85' lang='lat' dir='ltr'><em>tenebris</em></span> <span class='ocrx_word' id='word_1_252' title='bbox 533 3037 645 3110; x_wconf 88' lang='lat' dir='ltr'><em>iacuit,</em></span> <span class='ocrx_word' id='word_1_253' title='bbox 672 3029 907 3096; x_wconf 83' lang='lat' dir='ltr'><em>adscribendum</em></span> <span class='ocrx_word' id='word_1_254' title='bbox 941 3030 1090 3123; x_wconf 79' lang='lat' dir='ltr'><em>quispiam</em></span> 
     </span>
     <span class='ocr_line' id='line_1_34' title="bbox 20 3109 1090 3206; baseline -0.013 -20"><span class='ocrx_word' id='word_1_255' title='bbox 20 3121 160 3186; x_wconf 61' lang='lat' dir='ltr'><em>putaverit</em></span> <span class='ocrx_word' id='word_1_256' title='bbox 202 3121 336 3204; x_wconf 86' lang='lat' dir='ltr'><em>Propter</em></span> <span class='ocrx_word' id='word_1_257' title='bbox 366 3145 460 3206; x_wconf 88' lang='lat' dir='ltr'><em>quam</em></span> <span class='ocrx_word' id='word_1_258' title='bbox 489 3120 691 3204; x_wconf 81' lang='lat' dir='ltr'><em>ignorantiam</em></span> <span class='ocrx_word' id='word_1_259' title='bbox 721 3113 819 3179; x_wconf 82' lang='lat' dir='ltr'><em>multa</em></span> <span class='ocrx_word' id='word_1_260' title='bbox 853 3113 942 3174; x_wconf 89' lang='lat' dir='ltr'><em>aliter</em></span> <span class='ocrx_word' id='word_1_261' title='bbox 963 3110 1003 3172; x_wconf 85' lang='lat' dir='ltr'><em>ab</em></span> <span class='ocrx_word' id='word_1_262' title='bbox 1023 3109 1090 3186; x_wconf 79' lang='lat' dir='ltr'><em>aliis</em></span> 
     </span>
     <span class='ocr_line' id='line_1_35' title="bbox 21 3209 558 3271; baseline 0.02 -11"><span class='ocrx_word' id='word_1_263' title='bbox 21 3209 125 3262; x_wconf 73' lang='lat' dir='ltr'><em>musta</em></span> <span class='ocrx_word' id='word_1_264' title='bbox 148 3211 178 3266; x_wconf 89' lang='lat' dir='ltr'><em>et</em></span> <span class='ocrx_word' id='word_1_265' title='bbox 198 3215 299 3266; x_wconf 85' lang='lat' dir='ltr'><em>errata</em></span> <span class='ocrx_word' id='word_1_266' title='bbox 318 3219 398 3269; x_wconf 86' lang='lat' dir='ltr'><em>suut.</em></span> <span class='ocrx_word' id='word_1_267' title='bbox 430 3227 558 3271; x_wconf 76' lang='lat' dir='ltr'><em>rosus.</em></span> 
     </span>
    </p>

    <p class='ocr_par' dir='ltr' id='par_1_6' title="bbox 87 3277 1046 3381">
     <span class='ocr_line' id='line_1_36' title="bbox 87 3277 1046 3381; baseline 0.011 -35"><span class='ocrx_word' id='word_1_268' title='bbox 87 3282 163 3366; x_wconf 72' lang='lat' dir='ltr'><em>Peg.</em></span> <span class='ocrx_word' id='word_1_269' title='bbox 188 3308 238 3370; x_wconf 82' lang='lat' dir='ltr'><em>si,</em></span> <span class='ocrx_word' id='word_1_270' title='bbox 256 3309 287 3374; x_wconf 84' lang='lat'><em>9.</em></span> <span class='ocrx_word' id='word_1_271' title='bbox 310 3277 449 3380; x_wconf 75' lang='grc' dir='ltr'><strong><em>ἅρῥενας</em></strong></span> <span class='ocrx_word' id='word_1_272' title='bbox 467 3311 530 3351; x_wconf 90' lang='lat' dir='ltr'><em>om.</em></span> <span class='ocrx_word' id='word_1_273' title='bbox 554 3289 599 3355; x_wconf 80' lang='lat' dir='ltr'><em>M.</em></span> <span class='ocrx_word' id='word_1_274' title='bbox 886 3363 901 3381; x_wconf 90' lang='lat'>.</span> <span class='ocrx_word' id='word_1_275' title='bbox 1039 3353 1046 3374; x_wconf 79' lang='grc'><strong><em>,</em></strong></span> 
     </span>
    </p>

    <p class='ocr_par' dir='ltr' id='par_1_7' title="bbox 15 3363 1092 4208">
     <span class='ocr_line' id='line_1_37' title="bbox 86 3363 1090 3451; baseline 0 -20"><span class='ocrx_word' id='word_1_276' title='bbox 86 3367 163 3451; x_wconf 80' lang='lat' dir='ltr'><em>Pag.</em></span> <span class='ocrx_word' id='word_1_277' title='bbox 185 3391 236 3449; x_wconf 85' lang='lat' dir='ltr'><em>rt,</em></span> <span class='ocrx_word' id='word_1_278' title='bbox 260 3392 309 3433; x_wconf 84' lang='lat' dir='ltr'><em>rt.</em></span> <span class='ocrx_word' id='word_1_279' title='bbox 348 3367 404 3435; x_wconf 74' lang='lat' dir='ltr'><em>sai</em></span> <span class='ocrx_word' id='word_1_280' title='bbox 433 3374 685 3436; x_wconf 80' lang='lat' dir='ltr'><em>Kuuotavrivou.</em></span> <span class='ocrx_word' id='word_1_281' title='bbox 707 3363 762 3433; x_wconf 75' lang='lat' dir='ltr'><em>rtis</em></span> <span class='ocrx_word' id='word_1_282' title='bbox 794 3365 828 3428; x_wconf 74' lang='grc' dir='ltr'><em>ἓν</em></span> <span class='ocrx_word' id='word_1_283' title='bbox 861 3385 899 3448; x_wconf 79' lang='grc' dir='ltr'><em>τῃ</em></span> <span class='ocrx_word' id='word_1_284' title='bbox 937 3379 1090 3444; x_wconf 61' lang='lat' dir='ltr'><em>nostwet*</em></span> 
     </span>
     <span class='ocr_line' id='line_1_38' title="bbox 17 3446 1091 3532; baseline 0.007 -24"><span class='ocrx_word' id='word_1_285' title='bbox 17 3446 161 3524; x_wconf 55' lang='lat' dir='ltr'><em>sixtina.</em></span> <span class='ocrx_word' id='word_1_286' title='bbox 204 3455 344 3518; x_wconf 84' lang='lat' dir='ltr'><em>Verbum</em></span> <span class='ocrx_word' id='word_1_287' title='bbox 363 3479 381 3518; x_wconf 87' lang='lat' dir='ltr'><em>e</em></span> <span class='ocrx_word' id='word_1_288' title='bbox 405 3457 520 3520; x_wconf 84' lang='lat' dir='ltr'><em>verbo:</em></span> <span class='ocrx_word' id='word_1_289' title='bbox 542 3470 573 3519; x_wconf 87' lang='lat' dir='ltr'><em>et</em></span> <span class='ocrx_word' id='word_1_290' title='bbox 593 3457 816 3518; x_wconf 79' lang='lat' dir='ltr'><em>Comtarstimtm</em></span> <span class='ocrx_word' id='word_1_291' title='bbox 830 3451 863 3510; x_wconf 84' lang='lat' dir='ltr'><em>in</em></span> <span class='ocrx_word' id='word_1_292' title='bbox 874 3467 1013 3532; x_wconf 71' lang='lat' dir='ltr'><em>purpura</em></span> <span class='ocrx_word' id='word_1_293' title='bbox 1031 3461 1091 3504; x_wconf 72' lang='lat' dir='ltr'><em>M·</em></span> 
     </span>
     <span class='ocr_line' id='line_1_39' title="bbox 19 3535 1091 3625; baseline -0.007 -28"><span class='ocrx_word' id='word_1_294' title='bbox 19 3537 96 3609; x_wconf 68' lang='lat' dir='ltr'><em>lum,</em></span> <span class='ocrx_word' id='word_1_295' title='bbox 134 3535 193 3600; x_wconf 85' lang='lat' dir='ltr'><em>hoo</em></span> <span class='ocrx_word' id='word_1_296' title='bbox 229 3549 299 3616; x_wconf 86' lang='lat' dir='ltr'><em>est,</em></span> <span class='ocrx_word' id='word_1_297' title='bbox 330 3553 418 3624; x_wconf 83' lang='lat' dir='ltr'><em>patre</em></span> <span class='ocrx_word' id='word_1_298' title='bbox 448 3541 508 3602; x_wconf 87' lang='lat' dir='ltr'><em>iam</em></span> <span class='ocrx_word' id='word_1_299' title='bbox 542 3551 712 3625; x_wconf 81' lang='lat' dir='ltr'><em>purpurato</em></span> <span class='ocrx_word' id='word_1_300' title='bbox 746 3557 799 3598; x_wconf 88' lang='lat' dir='ltr'><em>seu</em></span> <span class='ocrx_word' id='word_1_301' title='bbox 836 3549 1004 3615; x_wconf 82' lang='lat' dir='ltr'><em>purpuram</em></span> <span class='ocrx_word' id='word_1_302' title='bbox 1037 3546 1091 3622; x_wconf 72' lang='lat' dir='ltr'><em>ge-</em></span> 
     </span>
     <span class='ocr_line' id='line_1_40' title="bbox 19 3619 1091 3708; baseline -0.01 -25"><span class='ocrx_word' id='word_1_303' title='bbox 19 3619 104 3705; x_wconf 51' lang='lat' dir='ltr'><em>&#39;Pinio</em></span> <span class='ocrx_word' id='word_1_304' title='bbox 116 3663 126 3696; x_wconf 90' lang='lat'><strong><em>,</em></strong></span> <span class='ocrx_word' id='word_1_305' title='bbox 155 3619 240 3704; x_wconf 89' lang='lat' dir='ltr'><em>quod</em></span> <span class='ocrx_word' id='word_1_306' title='bbox 267 3622 408 3686; x_wconf 85' lang='lat' dir='ltr'><em>solebant</em></span> <span class='ocrx_word' id='word_1_307' title='bbox 428 3626 644 3708; x_wconf 78' lang='lat' dir='ltr'><em>imperatores:</em></span> <span class='ocrx_word' id='word_1_308' title='bbox 673 3623 706 3684; x_wconf 93' lang='lat' dir='ltr'><em>id</em></span> <span class='ocrx_word' id='word_1_309' title='bbox 728 3623 807 3684; x_wconf 86' lang='lat' dir='ltr'><em>enim</em></span> <span class='ocrx_word' id='word_1_310' title='bbox 830 3627 896 3680; x_wconf 90' lang='lat' dir='ltr'><em>erat</em></span> <span class='ocrx_word' id='word_1_311' title='bbox 915 3631 1022 3676; x_wconf 87' lang='lat' dir='ltr'><em>eorum</em></span> <span class='ocrx_word' id='word_1_312' title='bbox 1041 3629 1091 3703; x_wconf 71' lang='lat' dir='ltr'><em>rn-</em></span> 
     </span>
     <span class='ocr_line' id='line_1_41' title="bbox 18 3703 1091 3792; baseline 0.001 -28"><span class='ocrx_word' id='word_1_313' title='bbox 18 3709 101 3785; x_wconf 55' lang='lat' dir='ltr'><em>§tgna</em></span> <span class='ocrx_word' id='word_1_314' title='bbox 141 3703 215 3779; x_wconf 86' lang='lat' dir='ltr'><em>Seu,</em></span> <span class='ocrx_word' id='word_1_315' title='bbox 236 3709 292 3789; x_wconf 86' lang='lat' dir='ltr'><em>qui</em></span> <span class='ocrx_word' id='word_1_316' title='bbox 310 3719 400 3770; x_wconf 84' lang='lat' dir='ltr'><em>natus</em></span> <span class='ocrx_word' id='word_1_317' title='bbox 421 3720 466 3772; x_wconf 90' lang='lat' dir='ltr'><em>cst</em></span> <span class='ocrx_word' id='word_1_318' title='bbox 484 3711 671 3792; x_wconf 87' lang='lat' dir='ltr'><em>imperator,</em></span> <span class='ocrx_word' id='word_1_319' title='bbox 694 3705 734 3768; x_wconf 84' lang='lat' dir='ltr'><em>ad</em></span> <span class='ocrx_word' id='word_1_320' title='bbox 758 3721 849 3787; x_wconf 84' lang='lat' dir='ltr'><em>quem</em></span> <span class='ocrx_word' id='word_1_321' title='bbox 870 3715 1013 3790; x_wconf 36' lang='lat' dir='ltr'><em>purpura,</em></span> <span class='ocrx_word' id='word_1_322' title='bbox 1026 3709 1091 3786; x_wconf 71' lang='lat' dir='ltr'><em>⁸¹Y⁰</em></span> 
     </span>
     <span class='ocr_line' id='line_1_42' title="bbox 16 3785 1092 3876; baseline -0.007 -29"><span class='ocrx_word' id='word_1_323' title='bbox 16 3785 174 3868; x_wconf 64' lang='lat' dir='ltr'><em>{mperianu</em></span> <span class='ocrx_word' id='word_1_324' title='bbox 195 3792 282 3852; x_wconf 87' lang='lat' dir='ltr'><em>cuius</em></span> <span class='ocrx_word' id='word_1_325' title='bbox 305 3812 341 3854; x_wconf 89' lang='lat' dir='ltr'><em>ea</em></span> <span class='ocrx_word' id='word_1_326' title='bbox 362 3792 533 3876; x_wconf 84' lang='lat' dir='ltr'><em>symbolum</em></span> <span class='ocrx_word' id='word_1_327' title='bbox 554 3803 585 3852; x_wconf 91' lang='lat' dir='ltr'><em>et</em></span> <span class='ocrx_word' id='word_1_328' title='bbox 604 3790 777 3864; x_wconf 86' lang='lat' dir='ltr'><em>indicium,</em></span> <span class='ocrx_word' id='word_1_329' title='bbox 807 3805 861 3848; x_wconf 85' lang='lat' dir='ltr'><em>seu</em></span> <span class='ocrx_word' id='word_1_330' title='bbox 887 3795 1035 3844; x_wconf 75' lang='lat' dir='ltr'><em>successio</em></span> <span class='ocrx_word' id='word_1_331' title='bbox 1057 3791 1092 3832; x_wconf 80' lang='lat'><em>111</em></span> 
     </span>
     <span class='ocr_line' id='line_1_43' title="bbox 16 3865 1092 3958; baseline -0.003 -30"><span class='ocrx_word' id='word_1_332' title='bbox 16 3867 129 3951; x_wconf 61' lang='lat' dir='ltr'><em>{sepeio</em></span> <span class='ocrx_word' id='word_1_333' title='bbox 154 3873 222 3954; x_wconf 86' lang='lat' dir='ltr'><em>ipso</em></span> <span class='ocrx_word' id='word_1_334' title='bbox 248 3883 333 3936; x_wconf 86' lang='lat' dir='ltr'><em>ortus</em></span> <span class='ocrx_word' id='word_1_335' title='bbox 354 3875 420 3937; x_wconf 86' lang='lat' dir='ltr'><em>iure</em></span> <span class='ocrx_word' id='word_1_336' title='bbox 440 3875 619 3958; x_wconf 80' lang='lat' dir='ltr'><em>pertinebat.</em></span> <span class='ocrx_word' id='word_1_337' title='bbox 659 3872 795 3942; x_wconf 78' lang='lat' dir='ltr'><em>Tametsi</em></span> <span class='ocrx_word' id='word_1_338' title='bbox 820 3865 950 3927; x_wconf 85' lang='lat' dir='ltr'><em>infantes</em></span> <span class='ocrx_word' id='word_1_339' title='bbox 969 3873 1092 3941; x_wconf 66' lang='lat' dir='ltr'><em>quoque</em></span> 
     </span>
     <span class='ocr_line' id='line_1_44' title="bbox 16 3939 1091 4037; baseline -0.018 -16"><span class='ocrx_word' id='word_1_340' title='bbox 16 3947 63 4021; x_wconf 61' lang='lat'><em>¹9⁸5</em></span> <span class='ocrx_word' id='word_1_341' title='bbox 82 3958 241 4036; x_wconf 80' lang='lat' dir='ltr'><em>purpureis</em></span> <span class='ocrx_word' id='word_1_342' title='bbox 261 3957 360 4020; x_wconf 76' lang='lat' dir='ltr'><em>fasciis</em></span> <span class='ocrx_word' id='word_1_343' title='bbox 379 3959 494 4022; x_wconf 85' lang='lat' dir='ltr'><em>involvi</em></span> <span class='ocrx_word' id='word_1_344' title='bbox 516 3959 665 4020; x_wconf 84' lang='lat' dir='ltr'><em>solerent:</em></span> <span class='ocrx_word' id='word_1_345' title='bbox 690 3953 775 4037; x_wconf 85' lang='lat' dir='ltr'><em>quod</em></span> <span class='ocrx_word' id='word_1_346' title='bbox 801 3949 840 4010; x_wconf 89' lang='lat' dir='ltr'><em>de</em></span> <span class='ocrx_word' id='word_1_347' title='bbox 860 3969 892 4008; x_wconf 90' lang='lat' dir='ltr'><em>se</em></span> <span class='ocrx_word' id='word_1_348' title='bbox 916 3944 1007 4005; x_wconf 77' lang='lat' dir='ltr'><em>Anna</em></span> <span class='ocrx_word' id='word_1_349' title='bbox 1029 3939 1091 4036; x_wconf 56' lang='lat' dir='ltr'><em>(io-</em></span> 
     </span>
     <span class='ocr_line' id='line_1_45' title="bbox 16 4021 1091 4126; baseline -0.004 -41"><span class='ocrx_word' id='word_1_350' title='bbox 16 4041 123 4114; x_wconf 83' lang='lat' dir='ltr'><em>moena,</em></span> <span class='ocrx_word' id='word_1_351' title='bbox 132 4035 229 4100; x_wconf 74' lang='lat' dir='ltr'><em>hierii</em></span> <span class='ocrx_word' id='word_1_352' title='bbox 243 4039 314 4118; x_wconf 79' lang='lat' dir='ltr'><em>fitia,</em></span> <span class='ocrx_word' id='word_1_353' title='bbox 323 4044 509 4126; x_wconf 77' lang='lat' dir='ltr'><em>praefatione</em></span> <span class='ocrx_word' id='word_1_354' title='bbox 519 4040 661 4104; x_wconf 85' lang='lat' dir='ltr'><em>historiae</em></span> <span class='ocrx_word' id='word_1_355' title='bbox 674 4057 747 4100; x_wconf 86' lang='lat' dir='ltr'><em>suae</em></span> <span class='ocrx_word' id='word_1_356' title='bbox 760 4031 947 4096; x_wconf 85' lang='lat' dir='ltr'><em>testificatur.</em></span> <span class='ocrx_word' id='word_1_357' title='bbox 987 4021 1091 4118; x_wconf 73' lang='lat' dir='ltr'><em>Unico</em></span> 
     </span>
     <span class='ocr_line' id='line_1_46' title="bbox 15 4103 1091 4208; baseline 0.003 -24"><span class='ocrx_word' id='word_1_358' title='bbox 15 4113 98 4174; x_wconf 78' lang='lat' dir='ltr'><em>verba</em></span> <span class='ocrx_word' id='word_1_359' title='bbox 129 4123 246 4186; x_wconf 82' lang='lat' dir='ltr'><em>Graece</em></span> <span class='ocrx_word' id='word_1_360' title='bbox 277 4115 840 4208; x_wconf 71' lang='lat' dir='ltr'><em>diciturssoppopoytrrn&#39;rnc‚q110d</em></span> <span class='ocrx_word' id='word_1_361' title='bbox 860 4113 941 4174; x_wconf 74' lang='lat'><strong>¹¹¹⁸¹⁰</strong></span> <span class='ocrx_word' id='word_1_362' title='bbox 969 4109 1035 4187; x_wconf 73' lang='lat'>(¹¹⁸⁶</span> <span class='ocrx_word' id='word_1_363' title='bbox 1059 4103 1091 4166; x_wconf 60' lang='grc' dir='ltr'><em>’ἀ</em></span> 
     </span>
    </p>
   </div>
   <div class='ocr_carea' id='block_1_3' title="bbox 16 4189 1100 4298">
    <p class='ocr_par' dir='ltr' id='par_1_8' title="bbox 16 4189 1100 4298">
     <span class='ocr_line' id='line_1_47' title="bbox 16 4189 1100 4298; baseline 0.006 -35"><span class='ocrx_word' id='word_1_364' title='bbox 16 4189 71 4256; x_wconf 63' lang='lat' dir='ltr'><em>‘lue</em></span> <span class='ocrx_word' id='word_1_365' title='bbox 89 4205 234 4291; x_wconf 76' lang='lat' dir='ltr'><em>exemplo)</em></span> <span class='ocrx_word' id='word_1_366' title='bbox 253 4209 381 4276; x_wconf 85' lang='lat' dir='ltr'><em>reddere</em></span> <span class='ocrx_word' id='word_1_367' title='bbox 401 4210 694 4298; x_wconf 76' lang='lat' dir='ltr'><em>Porphyrogem‘tru,</em></span> <span class='ocrx_word' id='word_1_368' title='bbox 727 4223 789 4288; x_wconf 76' lang='lat' dir='ltr'><em>quo</em></span> <span class='ocrx_word' id='word_1_369' title='bbox 812 4197 909 4281; x_wconf 83' lang='lat' dir='ltr'><em>magis</em></span> <span class='ocrx_word' id='word_1_370' title='bbox 928 4193 1100 4269; x_wconf 58' lang='lat' dir='ltr'><em>latinistmi</em></span> 
     </span>
    </p>
   </div>
   <div class='ocr_carea' id='block_1_4' title="bbox 0 0 1432 4936">
    <p class='ocr_par' dir='ltr' id='par_1_9' title="bbox 0 0 1432 4936">
     <span class='ocr_line' id='line_1_48' title="bbox 0 0 1432 4936; baseline 0 3"><span class='ocrx_word' id='word_1_371' title='bbox 0 0 1432 4936; x_wconf 95' lang='lat' dir='ltr'><em> </em></span> 
     </span>
    </p>
   </div>
  </div>
 </body>
</html>
