2874 4944
309 296 831 365 momenmentum
1031 271 1115 376 445

60 455 197 521 Matthaei,
237 456 401 526 'Probabile
418 457 486 520 fidei
504 467 713 542 argumentum
737 468 793 532 est,
814 454 895 539 quod
915 477 949 518 ex
966 455 1118 520 miraculis

60 541 182 616 sumitur,
200 544 269 624 quia
288 563 342 624 per
362 543 452 605 fidem
469 563 573 624 saepe,
598 544 663 603 eine
692 541 752 602 tide
775 563 845 602 raro
866 539 1029 616 admodum
1053 543 1119 605 fieri

59 621 165 685 solent:
186 635 216 684 et
237 645 305 686 eum
327 625 404 686 fiunt
422 647 482 687 non
507 624 546 686 ad
569 625 755 708 probandam
774 640 891 698 eorum,
914 627 967 706 qui
989 625 1117 706 faciunt,
1194 647 1198 658 ⁸

57 705 101 766 sed
123 726 234 785 eorum,
245 710 304 790 ,qui
326 729 431 771 ‚veram
451 708 690 786 mennatem,
717 708 782 769 fieri
800 705 908 769 solent.
948 706 1010 770 Neo
1037 713 1118 772 enirn

56 787 163 852 Balaam
182 790 284 854 sutura
322 792 523 874 praedicendo
553 813 639 854 suem
666 793 782 874 ipsius,
810 790 862 852 aed
891 789 995 874 populi
1017 796 1118 873 potius

56 871 114 949 Dei,
133 873 273 937 adversus
295 897 385 957 quem
406 876 571 938 conductus
592 875 711 953 suerat,
737 875 827 936 fidem
847 873 1056 937 confirmavit:
1087 887 1119 938 et
1160 891 1161 896 ’

55 955 106 1016 iem
126 961 223 1020 omnia
240 959 396 1038 miracula,
420 981 497 1042 quae
517 981 572 1044 per
597 957 762 1020 haereticos
785 958 865 1020 facta
883 956 1021 1040 legimus,
1039 981 1119 1041 quae

53 1041 215 1119 paucissima
231 1053 321 1121 sunt,
345 1042 515 1105 huiusmodi
536 1064 598 1105 esee
617 1051 754 1121 constat,
783 1041 883 1124 qualia
908 1061 965 1117 ea,
985 1063 1064 1123 quae
1085 1043 1117 1104 in

52 1121 240 1188 ecciesiasticis
262 1125 394 1190 historiis
413 1137 442 1188 et
457 1125 538 1210 apud
549 1127 742 1188 Anastasium
758 1128 789 1185 in
805 1123 1031 1208 quaestionibus
1043 1128 1118 1188 scri-

51 1216 145 1284 ptume
168 1221 372 1276 recensentur.
410 1211 467 1272 Est
496 1213 584 1272 etiam
614 1219 826 1292 argumentum
850 1207 1041 1276 amiraouiis,
1058 1209 1118 1271 ‹lu-

50 1298 122 1350 ctum
140 1311 200 1352 una
217 1292 324 1356 saltem
344 1315 379 1356 ex
398 1305 484 1378 parte
506 1295 725 1357 necessarium:
756 1311 827 1352 nam
845 1295 901 1352 etsi
924 1313 986 1376 non
1012 1313 1118 1354 necee-

48 1373 117 1432 rario
136 1377 282 1457 sequitur,
303 1379 449 1461 eum„qui
471 1373 616 1438 miracula
635 1376 736 1454 saciat,
756 1395 860 1440 veram
881 1373 995 1436 habere
1013 1374 1135 1456 fidem,.

48 1463 136 1519 tamen
154 1462 323 1524 necessario
345 1463 500 1543 sequitur,
528 1481 619 1541 eam,
650 1461 682 1520 iu
704 1480 765 1542 qua
790 1457 958 1540 frequentia
982 1468 1012 1519 et
1031 1463 1122 1541 quasi¹

47 1539 184 1604 ordinaria
200 1542 348 1608 miracula
367 1545 452 1624 fiant,
471 1565 574 1608 veram
596 1564 660 1606 esse
675 1541 852 1607 ecclesiam:
882 1541 966 1625 quia,
985 1545 1040 1603 etsi
1059 1541 1117 1604 ali-

46 1623 155 1702 qnando
172 1626 256 1690 Deus
276 1649 331 1710 per
350 1631 484 1710 privatos
513 1639 598 1691 extra
621 1626 776 1690 ecelesiam
794 1645 881 1686 suam
902 1625 1040 1688 homines
1056 1626 1117 1688 mi-

45 1706 134 1767 meula
155 1708 220 1770 fieri
244 1712 410 1793 permittat,
434 1715 512 1774 sicut
534 1723 565 1772 et
588 1731 643 1793 per
660 1713 777 1772 usinum
795 1709 866 1773 fecit
880 1706 1015 1783 Balaam,
1038 1729 1117 1791 quae

45 1789 71 1847 in
90 1789 208 1854 ecelesia
230 1805 313 1856 certe
345 1816 406 1856 non
428 1805 516 1857 erat:
536 1805 638 1856 tamen
663 1792 740 1856 nulii
761 1789 938 1875 generaliter
957 1791 1117 1854 homiuum

44 1875 175 1954 societati,
198 1879 259 1940 nisi
278 1876 419 1942 ecelesiae
437 1899 510 1940 auae
529 1877 714 1942 ordinariam
735 1875 864 1939 faciendi
882 1874 1029 1936 miracula
1043 1897 1116 1936 con-

41 1958 117 2018 cessit
137 1970 327 2042 potestatem.
372 1962 455 2023 Haeo
479 1959 684 2023 Maidonatue.
727 1959 808 2022 Huic
828 1960 994 2023 sententiae
1022 1959 1116 2040 adsti-

41 2039 129 2118 pulari
147 2044 272 2107 videtur
291 2044 425 2106 lustinus
444 2055 573 2128 martyr,
589 2063 641 2104 eeu
660 2044 727 2125 quis
747 2041 836 2119 alius,
854 2041 935 2122 apud
952 2063 1043 2123 quem
1064 2064 1115 2104 or-

40 2119 151 2187 thodoxi
176 2127 258 2192 hanc
306 2130 491 2190 uamtionem
506 2137 637 2210 ponunt,
657 2137 688 2188 et
715 2137 759 2188 est
780 2125 916 2208 quaestio
939 2127 1064 2208 quintu
1087 2125 1119 2188 εί

37 2201 144 2282 ἐντοῖς
164 2149 349 2292 ἐκκλησίαις
367 2209 431 2272 τοῖν
451 2205 618 2291 αίρετικιῑν
638 2203 788 2286 δυνάμεις
808 2203 1028 2290 ἐνεργοῦνται,
1050 2198 1116 2274 οἷον

38 2287 208 2370 νοσημάτων
229 2290 335 2366 ἰάσεις
365 2288 421 2356 καί
438 2286 628 2373 πνευμάτων
649 2287 784 2371 dropped
803 2281 1014 2372 ἀκαθάρτων,
1038 2314 1117 2374 καρ-

36 2371 95 2431 nutv
113 2374 170 2456 γῆς
191 2371 281 2460 φοραὶ
299 2376 361 2442 ,καί
388 2375 494 2438 ἐλαίου
527 2369 735 2454 ἀναβλάσεις,
764 2373 831 2448 πῶς
863 2369 921 2434 oete
941 2369 1060 2456 ἀνάγκη
1080 2375 1116 2438 εἰι

38 2446 144 2534 τούτων
167 2457 202 2521 ἐν
223 2457 266 2542 τῇ
289 2453 390 2545 πλάνη
411 2459 622 2540 βεβαιοῦσθαι
643 2456 802 2534 ἐκείνουςς
830 2457 1004 2538 Respondet
1024 2459 1116 2520 lusti-

35 2553 102 2600 nus:
142 2531 251 2622 ὥσπερ
273 2535 309 2602 τὸ
331 2541 510 2604 ἀνατέλλειν
529 2537 585 2603 τάν
604 2533 693 2621 η”λιόν
711 2535 765 2600 ἐπί
783 2532 939 2618 πονηρσύς
957 2539 1014 2602 καί
1035 2537 1116 2619 ἀγυι-

33 2617 115 2699 θθῦς,
138 2619 196 2688 καί
213 2624 343 2706 βρέχειν
361 2621 415 2686 εἀί
439 2623 580 2696 δικαίους
601 2621 656 2684 καί
685 2619 814 2694 ἀδίκους
834 2619 892 2681 σάκ
913 2615 982 2682 ἔστι
1002 2623 1114 2700 βεβαα

37 2699 141 2766 ωτικὸν
163 2703 313 2788 πονηρῶν
333 2701 390 2766 καί
417 2697 534 2768 ἀδίκων
555 2703 588 2766 ἐν
603 2704 645 2788 τῇ
663 2697 795 2786 πονηρία
817 2699 873 2764 καί
891 2700 1008 2781 ἀδικία,
1030 2700 1112 2768 ἀλλά

32 2782 322 2866 παρασκευαστικὸν
343 2785 388 2862 εἰς
407 2786 532 2850 δικαίαν
551 2784 728 2868 τιμωρίαν,
759 2777 862 2858 odrae
891 2779 947 2846 οὔκ
974 2763 1042 2850 ἐστι
1061 2790 1117 2868 βε-

33 2867 195 2942 βαιωτικὸν
213 2869 281 2935 τῶν
307 2864 473 2952 otpertum
501 2870 535 2932 ἐν
553 2869 594 2954 τῇ
614 2866 716 2952 πλάνῃ
748 2863 785 2930 τί
807 2867 942 2949 ἐνεργεῖν
968 2891 1056 2946 τινας
1078 2869 1114 2933 ἐν

31 2949 131 3026 ου’τοῖς
150 2949 317 3032 δυνάμεις.
357 2951 389 3018 εἰ
406 2948 467 3034 γὰρ
488 2943 529 3035 ἦν
548 2945 709 3026 ἀπόδειξις
728 2949 784 3024 καί
802 2956 932 3032 σημεῖον
951 2951 1115 3032 εὐσεβείας

31 3027 60 3092 τὸ
79 3033 217 3118 ἐνεργεῖν
239 3029 401 3114 δυνάμεις,
424 3035 482 3098 ουίι
502 3027 542 3096 ἀν
564 3029 583 3094 ὅ
601 3030 709 3118 κύριος
726 3032 898 3112 ἀδωιιριους
911 3053 946 3096 τε
966 3034 1022 3098 καί
1036 3035 1115 3098 ἀνα-

30 3113 108 3190 ξίους
127 3120 185 3198 τῆς
209 3111 293 3200 πρὸς
315 3114 410 3181 odedu
443 3112 627 3190 οἷκειοίσεοις
654 3114 869 3200 ἀποφαίνεται
888 3113 963 3190 τούς
985 3113 1110 3198 είρηκὸ-
1223 3141 1224 3146 ’

29 3217 90 3274 τας,
113 3197 218 3284 κύριε,
244 3199 285 3262 od
303 3200 347 3284 τῷ
369 3201 416 3286 σῷ
431 3193 563 3279 ὀνόματι
585 3192 886 3282 προεφητεάσαμενς
909 3211 968 3264 eto.
1010 3203 1114 3280 Quae·

27 3281 117 3346 stione
137 3295 246 3348 tamen
269 3288 432 3348 centesima
457 3283 643 3347 contrarium
665 3285 786 3346 videtur
809 3283 911 3356 asseri.
950 3284 1001 3346 Sio
1031 3289 1114 3348 enim

25 3369 182 3448 respondet
218 3367 260 3430 ad
280 3369 485 3450 quaestionem
520 3371 704 3452 propositam
727 3367 877 3430 lustinus:
920 3365 952 3430 εί
977 3367 1037 3448 μὲν
1057 3367 1111 3432 tut

25 3447 82 3509 mir
108 3445 281 3530 αἱρετικάν
305 3446 429 3524 ζώντων
449 3441 470 3533 ἢ
491 3445 716 3516 ἀποθανόντων
738 3443 759 3533 ἦ
779 3449 854 3512 θεία
872 3442 969 3530 χάρις
988 3445 1114 3534 ἐνήργει

23 3525 59 3592 τά
77 3532 294 3616 χαρίσματα,
318 3525 403 3612 εἶχεν
424 3525 466 3596 ἀν
485 3527 520 3596 τὸ
549 3530 717 3614 γενόμενον
737 3525 866 3614 εὔλογον
895 3523 1041 3616 ἀπορίαν.
1082 3533 1114 3596 εί
1145 3559 1146 3562 ’

24 3611 56 3676 di
78 3611 108 3678 oi
131 3611 173 3679 τά
197 3617 274 3678 θεία
292 3611 449 3695 θαύματα
469 3616 503 3680 ἐν
522 3621 593 3691 ταῖς
611 3617 789 3698 ἐκκλησίαις
809 3615 860 3680 ἐνε
901 3617 1005 3690 οῦντες
1025 3607 1114 3695 ἀγιοί

21 3697 99 3760 εἰσιν
122 3694 327 3774 ἀπόστσλοι,
350 3695 517 3782 προφῆταί
531 3719 564 3762 τε
584 3698 639 3762 καί
657 3696 837 3781 μάρτυρες,
860 3635 990 3771 divom
1009 3699 1110 3770 θείοις

21 3771 122 3859 ἔργοις
159 3779 414 3889 διαμαρτύρεται
440 3783 484 3868 τῷ
512 3773 618 3866 κόσμρι
642 3777 659 3843 ὅ
679 3775 756 3854 θεὸς
784 3778 911 3842 ἐκείνων
940 3771 1023 3842 εἶναι
1052 3774 1111 3852 τάς

20 3859 210 3945 ἐκκλησίας,
239 3862 272 3926 δι
311 3855 356 3926 ἀν
385 3858 539 3943 θαύματα
569 3861 763 3940 ἐντελεῖται,
790 3861 932 3927 τουτέστι
959 3862 1023 3936 τάν
1054 3858 1126 3950 ὅρη

21 3944 173 4023 θοδόξων.
197 3967 341 4010 onerem.
1018 3995 1022 4003 .

99 4031 183 4112 Ραρ.
199 4050 274 4112 σγα,
296 4051 344 4114 ¹9·
367 4048 388 4091 σ
415 4026 585 4103 ακελλίςοσν
607 4029 652 4091 Μ.
677 4049 767 4114 supra
791 3983 846 4090 lin.

100 4113 186 4194 Peg.
201 4132 275 4195 271,
290 4114 322 4178 5.
340 4048 532 4196 ἐβάίμμίνος
550 4112 594 4178 Μ.

99 4197 184 4278 rag.
199 4196 317 4280 ογομῑ.
341 4188 360 4256 d
381 4195 500 4277 repro
523 4185 567 4263 ἀν.
