2874 4944
303 337 387 440 lssa
682 351 995 426 annotarim

303 519 483 580 lentissimos
505 513 642 592 Tarus,
672 529 843 595 aquosam
869 521 1001 596 tyranno
1030 513 1148 596 primus
1175 525 1244 596 pom
1269 524 1372 598 captam

303 599 595 682 Constantinopolim
616 595 813 676 deserturos,
843 595 901 657 hoe
921 607 990 674 cst,
1012 597 1126 678 pedum
1144 597 1312 680 episcopale
1330 621 1370 660 ac·

302 689 383 768 oepit
405 683 581 746 Gennadius
601 679 791 764 patriarchas
821 691 851 741 et
879 680 938 741 hac
966 682 1058 742 etiam
1083 689 1260 762 tempme
1277 682 1375 743 nullus

303 768 475 853 patriarcha
497 786 606 828 munus
635 785 724 826 suurn
744 765 828 826 obire
849 773 966 845 potest,
1000 765 1059 826 nisi
1081 767 1165 846 prius
1184 758 1377 845 χρυσόβωλ-

303 857 367 926 λον,
391 873 463 932 seu,
487 861 521 912 ut
540 860 650 911 vocant
670 847 808 908 hodierni
830 847 937 908 Graeci
955 843 1145 923 pecodem,
1168 847 1228 910 hoe
1249 859 1312 924 est,
1336 847 1376 909 di·

303 936 401 1018 ploma
422 946 453 996 et
473 934 587 996 litteras
607 932 842 993 confirmationis
862 941 892 992 et
912 934 1067 1011 potestatis
1089 931 1130 992 sh
1142 931 1238 1014 impio
1257 935 1378 1014 impera-

303 1031 369 1080 tore
386 1017 608 1102 impetraverit:
632 1037 687 1076 nec
708 1013 748 1074 im
772 1025 850 1076 etrat
872 1013 930 1074 nisi
949 1013 1033 1096 largo
1053 1015 1185 1096 peseesio
1209 1016 1286 1096 (hoc
1305 1017 1378 1076 enim

303 1123 414 1166 nomen
434 1113 479 1164 est
504 1101 643 1171 tributo,
676 1120 697 1180 q
781 1117 902 1160 anovo
922 1097 1091 1178 patriarche
1112 1099 1200 1160 initio
1224 1119 1298 1160 suae
1318 1101 1378 1160 fria·

302 1189 409 1248 ctionis
431 1188 461 1246 in
482 1185 644 1246 aerarium*
656 1181 820 1244 Turcicum
848 1181 952 1242 inferri
972 1181 1086 1261 dehet)
1105 1185 1270 1244 comitatus
1288 1185 1379 1244 venet

303 1269 351 1342 εἰς
371 1263 408 1330 sd
428 1261 554 1350 διβάνη,
578 1267 617 1330 ad
637 1275 774 1328 senatum
796 1266 981 1326 Turoicum:
1012 1275 1079 1327 tum
1100 1265 1202 1326 adime
1222 1265 1263 1336 ad

302 1373 388 1430 nuru,
412 1354 504 1416 immo
528 1361 558 1412 et
578 1351 617 1412 ad
636 1349 775 1412 osculum
794 1365 902 1409 manns
922 1357 1015 1430 patet,
1032 1349 1139 1431 grandi
1162 1277 1379 1412 mlioet'lenuh

302 1438 394 1498 ticio:
432 1447 498 1496 tum
518 1433 689 1518 praeclarus
709 1431 762 1496 ille
780 1443 971 1517 mystagogus
999 1431 1053 1494 dat
1071 1431 1265 1515 patriarchae
1284 1435 1379 1494 arduas

302 1519 448 1594 ἐξουσίαν
468 1519 523 1580 καὶ
546 1517 732 1580 δεσποτείαν
755 1515 802 1589 alc
826 1509 1038 1588 advenerari:
1069 1513 1213 1595 &sedete
1233 1515 1378 1595 Χριστια-

301 1599 393 1680 roric,
422 1597 612 1683 ἵεροομένοος
642 1593 699 1662 καὶ
729 1595 875 1676 loistris,
902 1601 937 1660 ut'
956 1598 1107 1680 proditum
1135 1613 1181 1662 em
1211 1600 1242 1660 in
1265 1597 1378 1660 historia

301 1686 432 1768 quadam
454 1685 664 1747 mirobarhara
690 1684 729 1746 de
748 1679 930 1766 patriarchis
946 1681 1287 1766 (amaminopotiuuis
1306 1683 1378 1743 Tur-

302 1770 474 1851 cograceiae
491 1772 613 1834 inserta.
656 1769 702 1830 Es
725 1768 832 1829 eodem
853 1766 937 1828 sonte
955 1769 1109 1845 manavit,
1137 1779 1173 1829 nt
1194 1767 1379 1850 imperatores

263 1847 266 1852 ’
302 1856 512 1936 episcoporum
547 1853 670 1936 synodis
707 1851 933 1936 praesiderent,
966 1851 1116 1936 primique
1147 1850 1374 1924 subscriberent,

301 1938 400 2016 (cuius
417 1939 537 2020 aliquot
552 1934 687 2019 exempla
709 1937 740 1996 lu
759 1935 818 1996 hac
833 1941 936 1996 nomae
953 1933 1081 1998 historia
1093 1937 1221 2013 erstem)
1241 1933 1377 1995 adrassus

299 2039 421 2082 omnem
451 2021 641 2104 antiquitatis
667 2039 783 2080 morem
802 2030 834 2080 et
858 2021 988 2081 cuiusvis
1012 2029 1094 2080 recte
1114 2021 1274 2080 sentiemis
1291 2019 1379 2078 ratio

302 2125 384 2166 nem.
427 2103 512 2182 Quid
533 2104 615 2166 enirn
635 2103 832 2180 indecentius,
856 2121 948 2185 quam
967 2113 1002 2164 ut
1021 2105 1087 2164 oris
1107 2102 1280 2186 pastoribus
1299 2121 1380 2184 prae·

301 2187 362 2248 sit?
403 2188 562 2265 Quantum
581 2188 674 2249 distat
694 2188 823 2248 istorum
847 2190 1019 2270 arrogantia
1039 2207 1058 2248 a
1075 2187 1181 2269 Magni
1197 2185 1381 2246 Cmmntini

300 2269 520 2350 submissione,
551 2272 604 2354 qui
625 2273 657 2332 in
679 2269 816 2332 Concilio
836 2269 969 2332 Nieacno
996 2271 1100 2332 sedere
1119 2269 1248 2349 noluit,
1277 2268 1333 2329 nisi
1352 2269 1381 2326 iu

300 2354 371 2414 sede
398 2351 579 2430 humiliore,
630 2375 700 2416 uam
729 2365 827 2416 went
857 2355 1069 2438 episcoporum
1097 2353 1222 2428 sedilia,
1253 2371 1310 2414 nec
1330 2351 1384 2410 nisi

302 2439 449 2520 episcopis
472 2439 616 2499 annuenti
640 2459 687 2519 us,
709 2447 745 2500 ut
763 2437 916 2522 colligitur
935 2459 970 2500 er
993 2435 1187 2500 Theodoreto
1209 2435 1263 2498 lih.
1276 2457 1304 2496 r.
1319 2455 1382 2516 esp.

302 2541 330 2602 7.
352 2520 461 2584 histor.
484 2521 647 2584 ecclesiast.
688 2534 719 2584 et
746 2543 781 2584 ex
805 2521 939 2584 Eusebio
959 2520 1013 2583 lib.
1035 2523 1067 2584 5.
1092 2521 1214 2584 devita
1235 2519 1384 2580 Constan-

301 2604 367 2670 tini.
410 2605 496 2666 ldem
519 2605 733 2668 Constantinus
751 2619 820 2689 post
840 2627 944 2668 ornnes
963 2607 1120 2688 episcopos
1140 2603 1331 2685 subscripsit,
1351 2611 1383 2660 “l

299 2697 427 2750 testatur
447 2688 576 2752 Basilius
602 2693 766 2772 imperator
788 2691 849 2751 fine
874 2699 1000 2751 octavae
1030 2689 1156 2773 Synodi.
1177 2687 1280 2764 Quam
1300 2687 1388 2766 igitur

300 2768 460 2852 degeneres
484 2773 591 2834 Graeci
614 2776 727 2856 posteri
752 2793 771 2834 a
790 2773 1092 2854 constantinopoleos
1120 2770 1279 2833 conditore
1310 2767 1387 2828 cou-

301 2857 454 2935 stantium,
476 2857 539 2940 qui,
562 2877 618 2940 pro
639 2857 745 2932 nefas,
767 2857 1008 2940 imperatricibus
1031 2877 1052 2939 q
1135 2853 1258 2936 chuno
1278 2853 1389 2934 prassi-

300 2937 393 3000 dendi
414 2939 561 3002 honorem
582 2943 612 3000 in
635 2939 778 3004 Consiliis
798 2939 993 3019 detulerunt3
1022 2959 1084 3000 non
1118 2958 1196 3022 ongc
1216 2935 1389 2996 sbesrudum

301 3034 367 3084 ests
397 3025 455 3086 suh
474 3023 567 3086 finem
586 3023 656 3086 libri
684 3023 766 3086 tertii
795 3045 868 3086 suae
893 3023 1038 3086 historiae
1065 3021 1278 3088 subministrat
1306 3017 1389 3080 nohis

301 3106 528 3170 Cantacnzenus
550 3105 698 3192 praeclari
720 3107 812 3170 huius
832 3109 902 3172 faeti
923 3107 1113 3191 praeclarum
1134 3105 1302 3200 spmlmem
1336 3101 1388 3164 sm

300 3192 697 3360 illlffilssllmllffi
706 3189 1007 3360 ''hillidii-1⁰·
1028 3185 1389 3358 tttffi‘tlfffflftt

299 3356 338 3415 sit
360 3357 530 3437 praesidere
553 3357 695 3421 Consiliis
726 3370 756 3422 et
785 3361 853 3444 quis
880 3359 1027 3422 haetenus
1052 3375 1176 3442 quoquc
1196 3353 1389 3438 praesederit,

300 3437 379 3499 libro
399 3444 497 3522 primo
525 3442 564 3504 de
585 3441 702 3507 Concil.
732 3463 798 3526 cap.
827 3465 874 3526 ¹9·
895 3455 926 3505 et
946 3461 1007 3520 ao,
1029 3453 1064 3504 ut
1085 3453 1117 3502 st
1136 3437 1231 3516 illud,
1249 3439 1343 3500 cuim
1359 3435 1391 3496 sit

300 3538 482 3606 congregare
497 3523 644 3602 Consilia,
669 3547 737 3610 cap.
764 3543 812 3590 ro.
834 3525 969 3590 eiusdem
989 3525 1071 3594 libri.
1092 3543 1239 3587 caussas.

383 3605 464 3690 Pag.
482 3605 601 3689 4322.
622 3607 675 3672 ad
692 3613 889 3672 maiorem
907 3611 1146 3695 provehere.
1171 3605 1318 3670 Nimium
1340 3621 1389 3662 su·

299 3692 446 3753 ctoritatis
471 3691 622 3755 dederuut
649 3695 825 3794 imperatori
845 3695 978 3780 episcopi
999 3703 1029 3754 et
1050 3688 1241 3776 patriarchae
1274 3683 1390 3756 Graes,

299 3786 460 3860 postquam
482 3795 515 3838 se
534 3773 575 3837 ah
594 3777 718 3840 ecclesia
738 3777 877 3840 Romana
897 3773 1096 3860 abruperunt,
1118 3786 1147 3835 ct
1167 3775 1188 3832 ti
1205 3767 1318 3836 delata
1342 3765 1390 3828 aas

299 3868 447 3937 potestate
473 3863 517 3921 usi
540 3869 611 3921 sunt
631 3860 761 3945 egregie.
801 3859 891 3923 Patet
911 3881 967 3944 per
986 3874 1092 3920 omnes
1111 3855 1253 3918 historias
1280 3852 1391 3934 Byzas-

299 3941 378 4003 tinas
406 3944 465 4006 ista
493 3941 640 4006 subiectio
678 3956 709 4006 et
741 3943 890 4026 quaedam
927 3941 1050 4025 indigna
1082 3937 1220 4026 proiecto
1249 3937 1390 4008 servitus,

299 4045 393 4104 quam
414 4025 549 4088 volentes
571 4027 633 4090 suis
654 4029 888 4110 imperatoribus
915 4028 1096 4088 servierunt.
1137 4021 1184 4083 Ne
1212 4021 1326 4104 itaque
1343 4018 1390 4078 ni·

301 4111 389 4184 reris,
413 4113 437 4169 si
459 4121 489 4171 et
514 4111 597 4192 apud
620 4110 705 4173 hune
727 4113 857 4172 cinerei
879 4108 1016 4191 exempla
1040 4107 1156 4170 videas.
1178 4121 1320 4166 ansus.

383 4189 465 4274 Pag.
478 4195 553 4271 435,
574 4213 619 4256 ro.
648 4191 692 4266 ὥς
717 4201 784 4266 τοῖς
814 4193 941 4265 οἰκείοις
970 4184 1115 4254 ἑάλωσαν
1147 4191 1290 4267 πτεροῖς.
1331 4183 1390 4244 Suis

302 4287 334 4332 se
353 4269 469 4354 laqueis
490 4277 608 4338 irretire
624 4277 741 4360 saepius
762 4277 840 4361 legi:
871 4279 934 4340 suis
960 4273 1069 4362 peonis
1095 4293 1128 4336 se
1148 4291 1291 4358 capere,
1322 4285 1389 4330 um-
