2874 4944
302 339 358 404 Ao
389 336 835 405 mussemutinae.
1034 317 1122 432 469
1182 373 1186 398 f
1243 391 1249 400 .

62 496 117 558 roh
137 497 181 558 tit
206 496 327 575 litterar
340 495 436 556 relata
477 497 541 556 odor
581 497 745 556 testamenti
774 495 947 564 tabremnt.
960 519 962 524 ·
977 497 1040 559 'Sic
1063 499 1124 564 ille.

63 577 240 660 Dumporro
259 589 392 640 tutorem
416 575 469 640 filii
490 580 735 640 Cantacuzeoum
769 581 918 656 institnit,
946 582 1011 642 sine
1032 582 1126 644 dubio

61 664 140 722 etiam
159 665 318 744 imperium
334 664 362 722 ei
382 662 547 742 regendum
567 663 727 722 commisit.
766 661 900 724 Viduam
925 665 1038 746 ipsein
1060 687 1126 728 ma-

61 765 127 806 num
145 745 188 806 illi
207 745 307 806 tradit
331 765 459 808 sorsin.
1184 819 1188 828 ι

131 829 206 910 Peg.
222 827 353 910 396,no.
376 829 543 912 despota
561 850 579 887 e
598 825 783 890 custodia
801 831 973 912 elapsus.
1013 832 1129 913 Grego-

57 928 117 972 res:
137 911 340 974 Constantinus
359 911 480 996 despota
501 931 567 972 eum
587 913 690 972 ceteris
709 913 838 974 vinculis
858 913 986 988 solutu,
1021 929 1053 974 nt
1078 911 1135 976 dt:

56 995 160 1070 nimus,
173 997 316 1077 (captivos
334 995 450 1056 iussisse
471 994 582 1054 dimitti
601 997 814 1075 imperatorem
828 1016 920 1076 supra
941 995 1032 1072 dixit,
1046 997 1130 1058 Con-

55 1078 209 1138 stantinum
232 1077 411 1159 despotsm,
431 1098 573 1158 magnum
595 1074 779 1160 logothetam
800 1079 1007 1158 Metochiten,
1026 1101 1130 1142 omnes

57 1158 177 1241 denique
196 1162 301 1222 eodem
325 1162 450 1222 crimine
471 1161 653 1237 damnatos,)
674 1181 741 1222 cnm
756 1162 882 1246 panim
901 1185 932 1224 se
951 1163 1131 1242 ostendisset,

54 1261 149 1304 rursus
169 1245 202 1306 in
221 1245 360 1306 obsumus
379 1245 507 1306 taretros
526 1257 613 1304 noctu
631 1266 651 1303 α
662 1245 834 1325 proceribus
853 1246 960 1306 aulicis
979 1260 1021 1306 est
1044 1247 1132 1306 obdi-
1195 1269 1198 1272 ·

53 1337 100 1387 tus.
122 1325 220 1388 Veriti
243 1329 340 1405 enim,
361 1349 407 1404 ne,
430 1329 608 1411 imperatore
621 1317 771 1405 desumto,
789 1327 874 1390 noba
890 1329 922 1390 io
935 1330 1049 1412 populo
1069 1331 1131 1390 ori-

53 1421 146 1483 retur,
166 1431 232 1471 nun
249 1410 286 1472 ob
306 1410 374 1470 ulia
383 1453 395 1482 ,
410 1423 470 1472 tem
485 1423 610 1496 propter
633 1410 802 1470 Clitterom
826 1424 856 1472 et
878 1412 951 1472 olim
967 1427 1074 1472 temere
1093 1411 1133 1474 de

54 1489 102 1551 illo
130 1494 271 1554 ructatum
299 1513 445 1554 nectorem
475 1496 517 1554 sic
544 1493 630 1554 illum
661 1505 834 1561 tractantnt.
879 1493 1020 1575 Vulgnrt's
1051 1496 1132 1556 enim

41 1574 129 1652 sputa
151 1589 237 1652 erat,
262 1577 435 1660 imperium,
453 1590 551 1637 vetere
572 1578 749 1660 imperatore
773 1577 924 1658 destructo,
949 1581 1056 1639 siesse
1081 1578 1136 1637 de-

50 1659 204 1736 stinatum,
227 1661 310 1720 eidus
329 1680 437 1722 nomen
461 1661 489 1721 C
508 1659 606 1720 duero
628 1661 800 1735 inciacum,-
825 1659 924 1736 mede,
940 1681 1004 1722 cunr
1022 1675 1051 1722 et
1069 1663 1133 1744 ipse

53 1737 256 1807 Coratannrm
270 1743 438 1817 diceretur,
467 1757 611 1827 supecnrs
634 1756 706 1808 erat.
748 1743 854 1824 Pergit
874 1743 983 1804 deinde
1014 1765 1049 1806 ae
1077 1744 1134 1804 do·

50 1833 114 1901 eet,
141 1845 205 1907 quo
232 1837 323 1907 pacto
349 1827 440 1887 iidem
470 1846 611 1908 proceres
637 1827 784 1887 seniorem
811 1827 1021 1888 Andronicum
1055 1825 1136 1899 male

49 1905 271 1984 multaverint,
294 1929 371 1990 quae
390 1921 491 1970 tamen
512 1930 582 1968 cnm
603 1920 704 1970 nostra
724 1903 897 1972 darratioue
917 1921 1051 1991 pugnant
1075 1912 1136 1970 mi·

47 1987 191 2054 rabiliter.
236 1992 296 2054 Sed
318 2013 374 2052 cur
394 1995 547 2074 Gregoras
572 1991 755 2072 singularem
782 1993 1000 2056 humanitatem
1022 2003 1051 2053 et
1072 1992 1137 2054 cle·

48 2077 190 2136 mantiam
212 2075 318 2156 magui
339 2075 493 2136 domestici
514 2078 547 2136 in
572 2075 806 2138 Constantinum
826 2078 917 2137 istum
948 2078 1139 2157 praetermit-

48 2157 100 2233 tit,
120 2161 175 2240 qui
199 2157 294 2224 nullis
314 2159 454 2240 precibus
476 2157 555 2218 ilecti
575 2169 696 2240 potest,
718 2170 754 2219 ut
773 2162 801 2221 ei
824 2157 928 2220 oculos
951 2169 1062 2236 eruat,
1083 2179 1138 2218 ue·

45 2237 116 2300 dum
139 2254 175 2304 ut
197 2239 290 2304 illum
303 2242 405 2322 (quod
424 2245 456 2304 in
476 2239 723 2305 rimisvolehant
745 2245 901 2323 proceres)
915 2241 1058 2306 occidat?
1078 2263 1136 2302 ne·

46 2326 107 2384 scio
137 2347 219 2408 quae
251 2326 422 2406 malignitas
452 2264 584 2386 luminis
619 2345 654 2386 se
672 2325 773 2406 prodit
804 2347 865 2388 non
890 2345 978 2388 raro:
1008 2346 1079 2386 anm
1103 2335 1138 2386 ut

41 2407 135 2470 multa
156 2412 331 2491 ignorarit,
356 2409 438 2491 quod
459 2409 616 2490 aliquoties
645 2409 705 2468 iam
736 2408 885 2486 diximus,
913 2418 976 2468 tem
1008 2407 1139 2468 illustris

42 2493 94 2570 qui
114 2493 249 2554 tandem
269 2494 298 2553 ei
319 2493 456 2554 inaudita
476 2503 506 2552 ct
528 2493 715 2573 incomperta
728 2513 791 2554 esse
803 2495 989 2576 potuerunt?
1002 2511 1138 2562 eonem.

123 2575 266 2658 Pag.39
290 2595 349 2652 ,aa
386 2572 494 2646 adroic
515 2575 558 2636 M.
582 2596 716 2656 quoque.

121 2595 294 2740 Pagegri,
308 2677 337 2722 π.
359 2645 487 2728 ἄκοντος
507 2658 554 2717 Μ.
576 2678 709 2738 qnoque.

122 2743 214 2824 Pag.
227 2741 342 2822 398,9·
364 2753 491 2806 noctu.
532 2741 612 2804 Vide
633 2737 829 2820 proverbium
846 2736 882 2800 ἓν
905 2733 997 2798 νυκτὶ
1016 2731 1140 2818 βουλή,

38 2825 70 2884 in
100 2839 193 2888 noae
228 2823 395 2886 comitium.
437 2823 576 2904 Tempus
600 2835 782 2884 nocturnum
811 2832 933 2904 propter
960 2820 1134 2894 silentium,

39 2929 108 2970 cum
139 2911 308 2990 quiescunt
335 2925 429 2968 voces
453 2905 676 2988 hominumque
700 2926 889 2987 canumque,
911 2903 1056 2964 idoneum
1091 2915 1137 2966 est

36 2991 203 3072 captandis
225 2987 368 3053 consiliis.
408 2991 516 3066 Quare
533 2991 771 3072 sapientissimis
790 2999 881 3070 poeta
900 2987 989 3046 etiam
1006 2987 1139 3049 Aeneam

37 3095 129 3136 suurn
156 3089 218 3157 per
240 3083 361 3134 noctem
386 3071 516 3154 phirima
538 3072 711 3137 volventem
741 3091 904 3152 secumque
924 3068 1140 3132 deliberantem

35 3158 158 3221 inducit
188 3177 221 3218 ι.
240 3155 388 3224 Aeneide
408 3154 453 3218 At
469 3159 539 3240 pius
557 3156 676 3220 Aeneas
694 3175 752 3238 per
774 3169 886 3220 rectem
914 3153 1050 3235 plurima
1071 3151 1139 3212 uoi-

36 3263 123 3304 eens.
171 3237 231 3301 Ad
254 3259 345 3320 quem
374 3259 497 3302 tersum
526 3240 599 3301 vide
616 3235 770 3322 symbolos
789 3249 918 3300 nostras.
958 3235 1141 3296 Onosandcr

33 3347 102 3406 cap.
122 3345 152 3386 r.
180 3319 252 3385 vult
273 3325 486 3403 imperatorem
516 3327 584 3386 sive
616 3323 723 3384 ducem
744 3343 809 3382 esse
829 3321 965 3382 sobrium
989 3321 1053 3380 sive
1080 3319 1142 3380 sic-

32 3429 133 3484 cum,
159 3417 201 3470 ut
225 3407 258 3466 iu
278 3407 381 3468 arduis
412 3407 542 3488 negotiis
568 3406 710 3489 parandis
733 3404 936 3488 putandisque
962 3401 1136 3485 pervigilet.

30 3489 142 3553 Noctu
166 3489 255 3551 enim
276 3492 362 3571 quasi
383 3488 489 3550 silente
503 3501 534 3550 et
554 3494 725 3572 quiescente
745 3487 972 3570 animo,multu
983 3487 1069 3550 ducis
1086 3505 1140 3546 co·

30 3578 146 3655 gitatio
170 3569 303 3634 molitur
322 3593 361 3634 sc
379 3573 505 3654 perlicit.
527 3593 658 3637 ιοιιτιιι.

124 3655 301 3738 Peg-598,
315 3676 365 3716 rt.
390 3649 636 3730 ἅπαλλάξασθαι
656 3657 702 3718 Μ.
881 3699 883 3711 ‹

121 3738 306 3820 Pag.398‚
320 3757 371 3802 na.
391 3731 520 3822 θορύβῳ
540 3735 645 3823 πολλῷ
663 3735 720 3800 καὶ
740 3737 789 3801 Μ.

123 3818 365 3904 Pag.399,14.
386 3821 526 3880 timens
564 3841 617 3884 ue.
640 3820 727 3898 Quae
748 3823 885 3883 timuerit
908 3840 1008 3896 mex,
1021 3838 1062 3880 ne
1080 3817 1139 3878 sibi

24 3905 148 3968 tierent
172 3916 288 3985 nepote
312 3913 459 3980 mortino,
480 3923 515 3964 ea
534 3843 613 3964 lucta
634 3923 702 3964 esse
718 3915 830 3984 nepotc
846 3904 946 3964 adhuc
967 3903 1058 3977 tiro,
1081 3921 1138 3962 uu·

26 3989 147 4050 dacter
171 3997 283 4048 narrat
303 3986 455 4067 Gregcres
473 3984 527 4048 lib.
543 4007 597 4070 9.:
618 3985 659 4046 In
681 3988 825 4050 seniorem
841 4009 913 4050 cero
932 3989 972 4046 r'trr
1008 3995 1138 4046 retorem

19 4073 141 4157 plener
169 4071 322 4130 malorum
347 4070 415 4129 uias
438 4071 659 4150 excogitarunt,
688 4091 765 4154 quse
794 4091 893 4132 omnm
917 4007 1020 4130 eodelr·
1048 4067 1141 4128 duee·

25 4171 111 4218 rent.
167 4152 338 4236 optionem
363 4154 395 4212 ei
416 4151 580 4225 dedentrrt,
618 4153 757 4216 molletae
785 4155 979 4216 mamertem
1007 4151 1140 4212 habiturn
1194 4187 1195 4194 ι

24 4241 198 4318 indicere,
220 4255 264 4298 on
288 4235 505 4302 mmmmm
530 4237 637 4304 sune.
678 4230 722 4302 Id
743 4257 817 4302 uero
840 4255 901 4300 esre
931 4234 1141 4314 antecedere,
