2874 4944
290 340 346 402 au
381 331 833 410 murcomannum
903 389 912 404 .
1007 311 1092 426 ¹iqq

33 493 131 638 plinaru
150 495 269 556 nomina
291 515 346 556 sua
369 493 536 566 emanat,
566 495 740 578 praesertim
766 495 838 566 eum
869 491 893 554 si
921 513 983 556 stan
1006 493 1096 554 Nico-

45 597 122 648 aum,
152 597 245 638 uuum
271 598 306 638 ex
342 590 457 661 septem
485 580 589 660 primis
618 577 774 654 diaconis,
796 587 877 637 ceste
898 576 1097 660 vigilantium

33 669 170 720 auctorem
190 660 312 722 babeat«
354 661 502 744 laquem
523 672 643 724 sanctus
666 661 887 744 Hieronymuse
919 661 1097 746 Episcopos

31 743 73 801 sui
90 745 207 804 sceleris
235 743 352 808 dicitur
383 745 500 806 tatere
533 756 714 817 consortes,
754 744 783 804 si
819 755 925 804 tamen
957 743 1098 826 episcopi

34 823 208 886 nominandi
232 839 329 906 sunt,
356 833 409 911 qui
430 847 493 889 non
517 825 672 890 ordinant
705 825 860 888 diaconos
871 871 884 900 ,
918 827 982 886 nisi
1007 829 1098 910 priate

31 926 136 968 unam
154 907 328 982 duxerint,
351 909 432 973 nulli
450 911 568 972 caelibi
586 909 749 972 eredentes
766 907 980 993 pudicitiam,
1000 911 1097 970 immo

32 987 223 1072 ostendentes,
237 1011 333 1075 qaam
355 1005 464 1054 sancte
483 996 624 1070 cicant,
644 995 699 1069 qni
717 993 801 1054 maie
824 991 865 1052 de
886 992 1031 1053 omnibus·
1046 1012 1100 1052 su·

31 1072 204 1150 spitamete,
226 1089 268 1137 et*
283 1077 347 1136 nisi
361 1089 575 1159 praegnantes
601 1095 719 1138 uxores
743 1073 883 1136 viderint
913 1074 1099 1136 elericorum

31 1151 216 1300 infanteqque
243 1157 282 1218 de
298 1158 383 1219 uinis
403 1173 536 1222 matrum
553 1160 734 1240 vagientes,
751 1157 869 1220 Christi
892 1168 1099 1219 sacramenta

32 1254 86 1297 non
101 1239 143 1298 tri
164 1254 255 1302 nant.
962 1269 968 1280 ·

103 1319 241 1404 Quarto,
270 1321 378 1384 Graeci
402 1323 478 1386 uuili
511 1324 633 1410 bigamo
656 1323 772 1388 aditum
793 1323 833 1386 ad
856 1343 957 1386 sacros
978 1321 1100 1384 ordines

32 1401 211 1480 patefaciunt.
258 1405 438 1490 Quotiens,
459 1409 515 1491 qui
533 1409 674 1472 alteram
696 1406 857 1471 duxerunt
878 1427 1030 1482 uxorem,
1051 1409 1100 1466 in-

30 1487 86 1562 quit
104 1486 285 1552 Iustinianus
308 1489 420 1556 novell.
436 1493 514 1570 123,
527 1496 615 1554 sacri
637 1513 776 1554 omenes
796 1491 929 1554 clericos
947 1509 1100 1572 essepro·

29 1565 154 1647 iiieam,
169 1585 298 1638 sanctus
309 1573 452 1636 Basilius
469 1575 522 1638 itis
542 1577 647 1640 neritis
662 1576 778 1638 docet.-
795 1574 862 1636 Eos
882 1573 950 1656 qni,
970 1573 1101 1655 nuptias

28 1650 191 1732 iterarunt,
211 1675 317 1720 canon
332 1657 477 1720 excludit
497 1660 684 1727 ministerio.
705 1658 857 1719 Haeretici
874 1677 891 1718 a
906 1678 961 1717 sua
975 1661 1102 1717 auorum

29 1733 223 1808 ministratum
252 1737 422 1804 chirotonia
456 1743 505 1805 vix
543 1739 706 1806 excludunt
736 1743 946 1826 polygamum,
988 1737 1102 1800 nedum

30 1811 181 1896 higtmtstn.
223 1821 360 1903 Quinto,
390 1825 498 1888 Graeci
530 1825 605 1889 olim
631 1837 663 1888 et
682 1846 765 1888 nunc
793 1843 913 1908 quoque
936 1820 1103 1904 adegerunt

29 1897 61 1957 ad
81 1903 291 1982 professionem
322 1920 485 1994 perpetuae
512 1913 657 1973 castitatis
676 1931 770 1989 eum,
799 1911 851 1990 qui
880 1905 996 1969 caelebs
1019 1906 1104 1966 ordi·

29 1999 73 2042 aas
91 1990 238 2070 suscipere
259 1987 368 2052 vellet.
408 1991 447 2053 Si
465 1994 512 2068 is,
544 1995 600 2076 qai
629 1990 831 2056 ordinandus
854 2003 899 2051 est
926 1987 1102 2066 diaeonus,

29 2065 115 2146 inquit
136 2070 322 2135 lastinianus
340 2073 408 2136 loco
430 2077 543 2156 citato,
564 2096 696 2139 umorem
714 2077 777 2138 sibi
797 2077 937 2135 iunctam
958 2092 1021 2132 non
1042 2071 1103 2132 lta·

29 2145 110 2224 leat,
129 2173 193 2215 non
223 2156 325 2218 aliter
348 2155 533 2235 ordinetur,
556 2160 621 2220 nisi
647 2160 739 2242 prins
767 2158 810 2220 ab
840 2177 902 2229 eo,
929 2155 985 2236 qui
1000 2157 1103 2236 ipsum

27 2230 146 2297 ordinat
157 2283 167 2313 ,
185 2237 404 2321 interrogatus
430 2240 638 2326 profiteatur,
655 2262 749 2328 posse
773 2261 807 2301 se
827 2249 901 2322 post
922 2236 1104 2300 ordinatio·

27 2329 89 2374 nen
116 2321 170 2379 vel
190 2324 259 2383 sine
279 2323 419 2403 legitima
448 2345 549 2387 tenore
576 2335 664 2388 caste
688 2327 824 2402 vivere,
853 2334 1025 2403 nequeunte
1052 2340 1103 2394 eo,

26 2397 73 2476 qui
89 2400 240 2484 ordinat,
269 2405 486 2472 ordinationis
504 2421 644 2492 tempore
671 2407 810 2473 diacono
834 2405 1039 2489 permittere,
1070 2413 1107 2464 ut

25 2493 88 2556 post
109 2485 348 2550 ordinationem
364 2511 498 2553 oaorem
521 2491 632 2558 ducat.
674 2491 732 2552 Sin
752 2509 831 2551 vero
853 2487 1009 2572 itocfiat,
1032 2487 1105 2570 epi·

26 2579 145 2646 scopus,
165 2571 221 2654 qui
239 2567 280 2630 id
296 2574 461 2654 permisit,
475 2575 662 2658 episcopata
678 2572 858 2635 deiiciatur.

97 2649 207 2727 Sexto,
232 2653 316 2735 apud
332 2655 481 2732 Graecos,
511 2658 536 2719 si
559 2677 636 2718 uxor
666 2666 737 2717 autc
767 2653 889 2716 ordines
915 2649 1006 2714 duma
1038 2661 1107 2732 post

26 2731 115 2791 mariti
135 2732 260 2798 ordines
281 2735 354 2798 hinc
378 2737 523 2810 excedat,
554 2739 684 2801 alterum
704 2739 931 2800 matrimonium
953 2737 1031 2798 inire
1050 2755 1106 2796 ne·

26 2831 168 2895 quaquam
189 2818 275 2882 licet.
298 2820 335 2881 ln
355 2841 418 2904 qno
442 2821 548 2884 itidem
569 2843 590 2884 a
613 2822 737 2884 Graecis
756 2820 917 2882 discedunt
938 2817 1105 2880 Lutherani

26 2899 221 2976 nuptiatoreas
254 2923 389 2986 quorum
416 2905 616 2989 praeconibus
653 2915 735 2968 meta
768 2902 853 2966 nulla
890 2911 1043 2964 consortes
1072 2904 1106 2964 in
1235 2911 1238 2918 “

23 2973 182 3046 thalamum
194 2985 396 3049 adsciscendi.

44 3141 51 3156 .
96 3065 196 3131 Porro
221 3089 308 3143 mos,
332 3091 424 3154 quem
439 3073 548 3135 Graeci
567 3072 609 3134 ab
629 3071 746 3156 aliquot
766 3067 874 3142 seculis
898 3084 1037 3147 serram,
1057 3091 1106 3133 sa·

24 3146 93 3207 nturi
115 3161 145 3212 et
166 3155 312 3214 sanctiori
334 3157 478 3218 Graeciae
495 3159 657 3218 inusitatus
689 3157 765 3217 faits
794 3155 895 3216 statim
923 3155 1005 3213 enim
1034 3176 1106 3216 cum

22 3229 123 3292 tradita
145 3247 177 3296 et
205 3233 260 3298 vui
282 3247 332 3298 ata
350 3238 463 3300 Christi
491 3239 630 3301 doctrina
663 3238 826 3300 caelibatus
855 3239 935 3298 inter
965 3236 1106 3300 ecelesiae

24 3313 167 3379 ministros
186 3321 242 3380 inv
276 3322 331 3380 uit.
372 3321 451 3383 Nolo
472 3333 627 3404 repetere,
642 3343 721 3405 quae
741 3321 799 3382 hac
817 3320 856 3381 de
877 3341 911 3380 rc
933 3319 1106 3384 doctissime

23 3391 167 3476 disputant
181 3401 355 3464 Turrianus
378 3402 432 3466 lib.
449 3426 481 3467 a.
502 3405 541 3466 de
561 3405 740 3489 dogmaticis
760 3404 986 3465 characteribus
1020 3408 1105 3468 verbi

23 3471 93 3554 Dei,
114 3493 145 3544 et
170 3483 225 3548 lib.
242 3503 269 3551 t.
289 3485 434 3548 adversus
459 3491 509 3548 Ma
530 3488 732 3572 deburgenses
751 3509 810 3570 pro
835 3485 1004 3549 canonibus
1031 3511 1105 3572 apo·

22 3559 160 3628 stolorum
183 3587 255 3651 cap.
280 3589 306 3629 t.
334 3581 364 3631 et
383 3591 416 3630 2.
437 3582 467 3632 et
488 3509 543 3633 Ιίἱ.
563 3573 591 3634 5.
614 3573 748 3634 eiusdem
779 3574 878 3653 operis
906 3591 973 3652 cap.
1003 3592 1049 3634 to.
1075 3583 1107 3634 et

21 3642 129 3726 aliquot
149 3671 240 3732 seqq.
257 3662 287 3712 et
306 3654 339 3713 in
360 3653 480 3720 scholiis
499 3675 590 3737 super
609 3668 702 3738 capnt
735 3653 782 3716 15.
809 3653 864 3716 tib.
891 3652 923 3716 6.
952 3657 1106 3718 constitut.

22 3730 252 3808 apostolicarum
274 3732 438 3799 Clementis
458 3739 609 3800 Romanis
632 3737 800 3800 cardinalis
818 3737 966 3799 Baroniua
988 3749 1060 3798 torn.
1080 3759 1107 3799 ι.

21 3813 116 3874 annal.
142 3835 227 3877 anno
249 3816 361 3880 Christi
372 3819 422 3884 58.
436 3831 467 3881 et
486 3833 559 3886 torn.
578 3823 701 3885 &anno
720 3819 792 3901 692.
804 3831 834 3882 et
856 3819 1025 3884 Cardinalia
1037 3819 1106 3882 ttet-

19 3889 163 3960 ktrnrinus
184 3897 242 3960 lib.
268 3901 352 3961 1.de
373 3901 488 3964 clericis
509 3927 574 3986 cap.
592 3925 636 3985 tq.
655 3915 687 3966 et
706 3923 769 3983 seq.
813 3904 875 3963 Nos
891 3907 1024 3966 contenti
1045 3905 1106 3969 eri·

21 3993 83 4040 mats
111 4001 175 4044 uno
188 3980 238 4044 vel
263 3981 359 4044 altero
379 3987 570 4056 testimonio,
594 4008 656 4071 quo
679 3985 804 4070 planum
825 3985 899 4062 fiat,
920 3987 994 4070 quid
1012 3991 1043 4048 in
1057 4007 1107 4048 ee·

21 4059 102 4123 alesia
125 4065 193 4148 iege
214 4076 246 4126 et
270 4069 489 4131 consuetudine
520 4083 674 4152 receptum
704 4070 803 4132 iuuerit.
846 4069 1016 4132 Audiamus
1037 4091 1107 4152 crgo

20 4157 152 4212 saumuro
172 4149 406 4233 Hieronymum,
424 4155 489 4232 qui,
507 4168 666 4236 postquam
687 4153 903 4230 recensuisset,
924 4175 986 4238 qua
1008 4165 1107 4215 mente

20 4241 113 4292 unt
135 4233 270 4316 episcopi
291 4231 456 4318 vigilantii
480 4235 629 4301 fermento
645 4237 769 4312 inlecti,
798 4233 875 4299 nuttt
895 4249 1108 4322 praeterquam
