2854 4936
340 257 422 346 382
618 341 621 350 Α
728 283 1039 352 suuorauoum
1074 353 1077 359 ,

339 439 436 504 robur
465 439 526 504 iarn
554 439 774 523 Hadrianopoii
803 439 887 502 velut
913 441 945 502 in
973 439 1105 504 excubiis
1125 441 1287 508 babcrmtr
1306 449 1384 513 unic.

340 527 502 588 momentis
521 546 623 588 rerum
645 547 679 587 es
699 547 757 586 usu
784 545 840 588 suo
873 525 1072 608 gerendarum
1093 529 1318 610 animadversis,
1335 557 1385 612 pro·

209 639 216 652 ·
340 609 425 692 gredi
483 606 589 672 uintim
608 609 698 670 iabus
733 619 763 670 et
786 610 819 670 in
839 609 980 692 Europae
1009 611 1125 672 viscera
1146 615 1274 695 grassari
1291 630 1386 699 possent

455 695 551 756 avius.
571 711 703 756 carran.

421 777 497 859 Pag.
518 774 571 856 ati,
593 797 625 838 a.
644 771 834 838 κινδυνεύειν
858 777 901 838 Μ.

419 859 498 943 Peg.
518 857 568 940 24,
589 858 620 922 8.
641 855 699 920 xci
718 860 789 922 add.
805 860 848 922 M.
871 871 942 922 ante
961 857 1018 941 τῆς
1039 855 1247 943 ναταὶτκενῆς.

420 944 561 1028 Pagai,
577 965 625 1005 ιτ.
649 944 698 1005 ab
714 943 994 1006 Orientalibus
1017 966 1059 1006 ac
1080 947 1281 1008 Threiciis
1298 952 1389 1010 seciu-

334 1031 439 1094 dens.
461 1028 602 1090 Arbitror
615 1027 655 1088 ad
667 1027 748 1089 bunc
762 1027 863 1088 iocum
872 1031 1032 1110 pertinere,
1056 1029 1138 1110 quod
1149 1031 1292 1092 scribitur
1307 1055 1323 1094 a
1337 1037 1390 1094 Gre-

334 1134 410 1197 gora
428 1111 509 1174 iibro
527 1112 675 1193 septimo,
706 1111 915 1173 Andronicum
935 1115 1083 1175 seniorem
1103 1113 1231 1196 longum
1249 1136 1357 1176 murum
1366 1118 1392 1176 ed

335 1195 565 1278 Christopolim‚
576 1217 594 1255 a
607 1197 684 1255 mari
696 1217 791 1277 usque
801 1193 840 1254 ad
849 1197 940 1257 vicini
952 1199 1063 1258 montis
1075 1218 1222 1258 cacumen
1233 1203 1392 1272 exstruxisse,

334 1291 369 1342 ut
390 1279 472 1342 locus
501 1281 527 1340 is
548 1299 580 1340 aa
601 1281 700 1340 invito
728 1299 851 1362 prorsus
871 1281 1037 1340 inaccessus
1057 1291 1135 1342 esset
1154 1283 1211 1354 iis,
1239 1285 1293 1365 qui
1322 1284 1360 1344 vel
1382 1305 1393 1342 c

298 1405 304 1416 -
333 1363 465 1426 Thracia
486 1363 517 1424 in
538 1361 767 1440 Macedoniam,
798 1361 848 1426 vel
875 1385 893 1426 e
918 1361 1099 1439 ‚Macedonia
1126 1366 1160 1426 in
1180 1365 1340 1428 Thraciam
1355 1370 1393 1428 iter

333 1445 493 1510 baberent.
512 1467 643 1509 norrun.

417 1530 495 1613 Pag.
514 1531 565 1608 alp,
592 1530 641 1608 ¹4·
664 1523 814 1610 ἀλλήλοις
844 1549 880 1590 τε
906 1523 1143 1610 συνταξάμενοι.
1184 1533 1257 1596 Vox
1285 1527 1393 1595 narris-

335 1615 451 1678 σεσθαι
473 1615 565 1676 sacris
587 1611 785 1696 scriptoribus
805 1613 886 1676 idem
914 1613 1016 1692 vaiet,
1047 1615 1131 1698 quod
1162 1605 1392 1688 ἐπιτάττεσθαι,

333 1699 519 1772 valedicere,
542 1699 574 1759 in
598 1697 730 1780 digressu
758 1697 886 1760 satnem
905 1697 1013 1760 debere.
1054 1701 1159 1778 Quare
1191 1693 1393 1777 συντακτήρινς

333 1773 424 1862 λόγος
453 1781 591 1865 Gregorii
620 1782 823 1860 Nazianzeni,
856 1793 978 1842 centurn
1015 1783 1238 1865 quinquaginta
1276 1783 1392 1864 episcopis

332 1866 539 1948 praesentibus
558 1863 698 1942 babitus,
713 1875 759 1926 est
778 1885 812 1926 ea
836 1867 952 1944 oratio,
968 1886 1061 1948 quam
1082 1870 1183 1949 primo
1204 1886 1323 1948 quoque
1338 1877 1392 1924 tene

334 1969 408 2031 pore
426 1950 610 2012 discessurus
632 1950 857 2032 pronuntiavit,
874 1959 905 2012 et
924 1951 1071 2032 episcopis
1091 1949 1150 2012 iilis
1169 1949 1318 2014 valedixit.
1338 1949 1393 2008 iten

333 2032 416 2114 apud
435 2033 680 2106 Dnmmceuuuc,
704 2030 802 2106 libro,
839 2031 922 2116 quod
943 2036 1056 2096 mortui
1076 2035 1249 2096 viventium
1271 2031 1393 2094 beneficit

333 2115 497 2188 inventur,
511 2108 735 2196 συντακτὴριον
754 2116 882 2197 θρηνεῖν
901 2127 945 2178 est
965 2119 998 2178 in
1013 2118 1119 2178 ulciaco
1132 2117 1267 2198 digressu
1273 2115 1349 2201 stete
1369 2133 1392 2170 rc

331 2197 501 2262 lamentari.
542 2199 635 2262 Plura
643 2199 750 2262 Biliius
763 2199 1035 2263 observatsacrar.
1053 2198 1109 2262 lib.
1124 2223 1149 2262 r.
1162 2223 1190 2264 c.
1215 2223 1266 2262 na.
1285 2217 1391 2262 rorrrr.

365 2271 371 2284 ⁸
414 2283 494 2364 Peg.
517 2279 570 2359 24,
595 2303 648 2344 ar.
668 2277 969 2350 retardantem
990 2295 1061 2346 ante
1077 2279 1302 2366 πληρωμάτων.
1415 2355 1416 2364 ,

416 2366 495 2448 Pag.
518 2361 568 2445 24,
591 2367 644 2428 23.
669 2368 829 2428 nautica
846 2367 1021 2432 licentia.
1041 2367 1146 2430 Genus
1158 2367 1315 2428 bominum
1329 2361 1393 2426 vaide
1415 2377 1416 2392 ³

331 2449 677 2596 ttttttstitt
710 2452 902 2598 Piii'i'mit
922 2450 1106 2598 omiiiit
1121 2450 1393 2598 iiiiisiiiiii

332 2618 406 2680 dum
427 2639 478 2682 eos
499 2555 572 2680 dicit
593 2618 625 2679 in
643 2555 822 2700 tangestata
832 2555 939 2682 priiuiia
959 2557 1018 2679 diis
1036 2639 1161 2697 vovere,
1186 2639 1277 2702 qnae,
1297 2555 1392 2678 curbis

331 2699 417 2766 littus
443 2701 519 2764 salvi
547 2703 768 2782 pervenerint,
801 2704 927 2766 minime
957 2699 1088 2766 solvant.
1135 2703 1179 2764 Et
1208 2724 1277 2765 cum
1309 2697 1392 2782 quib&

330 2785 400 2848 Bias
419 2785 582 2868 navigabat
602 2785 706 2868 impii,
740 2786 911 2869 quibusque
931 2786 963 2848 iu
986 2807 1076 2848 saeva
1097 2796 1275 2868 tempestate
1293 2784 1390 2845 drama
1414 2766 1415 2813 i

330 2890 428 2952 opem.
440 2868 671 2953 implorantibus
694 2867 832 2933 dicebat:
857 2882 969 2946 meets,
997 2892 1035 2931 ne
1060 2891 1113 2932 vos
1138 2871 1190 2932 itu·
1210 2871 1259 2930 lu‘r
1277 2869 1391 2946 navigan·

330 2957 482 3030 mabam,
505 2955 617 3018 nonme
639 2953 829 3034 potissimum
850 2963 947 3017 aaut.
987 2953 1136 3016 Laertius.
1157 2953 1296 3037 Euripid.
1315 2951 1391 3011 Hrcu-

329 3035 391 3117 ba,
421 3037 475 3100 ubi
498 3036 551 3100 ilia
571 3039 681 3100 misera
700 3037 811 3100 mulier
832 3040 953 3121 captiva
972 3039 1034 3100 iam
1055 3049 1086 3098 et
1106 3055 1195 3100 serva
1211 3039 1301 3100 mittit
1317 3033 1390 3093 ianu-
1413 3073 1414 3076 η

330 3118 411 3198 lam,
432 3141 511 3205 quae
533 3131 648 3204 petata
669 3123 814 3200 Graecis,
835 3143 875 3184 ne
894 3121 970 3204 quid
989 3123 1022 3183 iu
1036 3142 1147 3204 corpus
1161 3121 1242 3183 filiae
1252 3118 1390 3200 Polyxene
1413 3101 1414 3179 i

327 3204 390 3268 iam
420 3205 461 3266 nd
488 3203 619 3268 Achillis
645 3203 798 3268 tumulum
819 3217 967 3268 mactatae
994 3203 1152 3286 designent
1180 3201 1345 3267 illiberaiius
1367 3215 1389 3254 at

329 3287 536 3369 petulantius,
564 3285 598 3352 riv
626 3281 687 3372 γὰρ
723 3289 828 3394 μυρίῳ
859 3279 1075 3370 στρατεύματι
1106 3281 1280 3360 ἀκόλαστος
1303 3274 1388 3360 inibi

328 3389 421 3434 ναντι
453 3369 688 3452 ’τ’ἆναρχία,
707 3391 863 3452 κρεισσων
880 3367 994 3454 πυρός.
1038 3370 1176 3454 Sumpsit
1195 3391 1266 3455 ergo
1292 3366 1325 3428 ab
1342 3362 1388 3424 Eu·

329 3451 427 3538 ripide
485 3466 686 3533 utacuzenus,
707 3465 744 3516 ut
761 3456 858 3518 vides.
880 3476 1012 3519 rosus.

328 3573 336 3592 ·.
412 3537 488 3621 Pag.
510 3541 570 3617 25,
589 3538 620 3620 4.
637 3529 837 3602 'Asianum
868 3539 912 3602 M.
940 3537 1065 3623 ubique.
1114 3535 1300 3637 Nicephorus
1330 3547 1386 3612 qur

373 3641 391 3682 c
412 3621 562 3706 Gregoras
580 3623 736 3686 bominem
756 3633 929 3686 constanter
954 3625 996 3686 sic
1016 3619 1168 3708 appellat3
1193 3633 1290 3703 utaque
1309 3615 1387 3677 bird

328 3641 471 3853 libmccps
491 3710 609 3852 corrige
628 3707 740 3770 codicis
760 3706 799 3772 P.
825 3709 1025 3791 scripturam,
1059 3717 1095 3770 ut
1117 3709 1181 3768 iam
1208 3705 1324 3768 fermus
1348 3715 1386 3756 vr

341 3809 445 3852 ummo
470 3811 561 3852 maun
583 3813 613 3855 o.
1411 3845 1412 3848 ,

413 3873 491 3958 Peg.
512 3874 563 3952 26,
586 3877 617 3954 4.
647 3887 980 3960 perseuerarent.
1022 3873 1157 3936 Nomina
1188 3857 1412 3952 seruisset

329 3951 554 4038 συγκλητικὸς,
571 3971 688 4022 senaim
705 3971 736 4022 et
758 3973 897 4036 rentur,
918 3958 1002 4044 quod
1019 3957 1097 4023 mibi
1107 3956 1215 4022 videor
1228 3955 1386 4041 οδειτντξὶθ,

329 4049 435 4100 noster
455 4043 585 4124 scriptor
615 4043 701 4105 varie
727 4053 867 4126 usurpat.
906 4043 998 4105 Nunc
1029 4043 1112 4104 enim
1137 4059 1271 4124 prunum
1293 4029 1387 4093 flultwi

329 4121 533 4216 conciliumve
567 4123 700 4225 aulicum
727 4148 781 4189 reu
800 4137 938 4225 senatuum
961 4123 1148 4274 impp-intem
1171 4125 1233 4186 sive
1250 4123 1388 4212 imperf&

329 4220 436 4270 rrum:
472 4227 556 4272 nunc
576 4205 649 4276 balb
668 4210 762 4276 duces
786 4209 987 4275 conabuntur
1043 4207 1171 4292 ibrum,
1202 4217 1231 4272 at
1251 4199 1387 4278 „potsque
