2948 4932
333 316 389 380 nn
421 311 699 409 murncuznu
728 313 803 378 un.
833 318 862 378 ι.
1050 285 1132 402 397

56 493 157 554 omnia
189 497 260 550 strat
286 484 452 548 certissima
479 505 514 546 ex
539 483 622 545 libris
643 481 811 544 ritualibus.
853 479 927 543 Nam
950 484 1134 546 Graeconrm

53 573 279 660 quadragesima
307 578 422 651 septem
445 567 686 630 hebdomadibus
705 577 834 646 constat,
849 585 889 626 ‘ex
911 587 960 626 sex
980 565 1135 628 dumtaxat
1208 601 1211 608 ,

54 658 220 722 dominicis.
262 653 344 716 Haec
373 672 423 713 me
443 651 491 714 bis
519 653 590 734 ipsis
607 651 707 712 verbis
734 651 815 712 idem
843 651 1001 712 Grctserus
1033 661 1135 713 noster

53 742 191 818 monuit,
212 738 323 820 quibus
343 755 462 796 mecum
484 736 579 796 utaris
601 732 682 794 licet.
706 753 836 803 roncas.

139 821 214 902 Peg.
237 819 289 894 63,
312 839 359 884 rr.
381 811 693 896 σννδιασκεψάμενος
713 817 758 878 Μ.

135 900 217 988 Pag.
237 901 291 982 63,
311 922 360 964 ao.
381 891 402 982 ἢ
423 893 483 982 μή,
502 896 548 981 μὴ
571 898 675 978 ζητεῖν
691 901 734 965 Μ.
759 911 850 968 recte.
922 914 937 933 ·“

134 987 214 1070 Pag‘.
235 985 287 1064 64,
310 983 340 1064 d.
361 981 418 1046 scir
438 982 595 1081 pacatiore
615 983 658 1046 Μ.

136 1069 214 1153 Pag.
233 1067 286 1148 64,
311 1069 362 1132 15.
385 1084 535 1148 προτερον
581 1063 669 1152 adegi
701 1061 757 1148 τήν
785 1066 843 1148 γῆν
869 1069 978 1148 χανεῖν
1006 1065 1134 1148 μᾶλλον.

50 1157 99 1218 Ex
121 1153 272 1230 noman,
285 1151 367 1234 qnod
377 1151 522 1231 expressit
535 1147 681 1233 Virgilius
692 1151 723 1227 4.
738 1150 887 1222 Aeneid,
906 1151 960 1212 nbi
974 1154 1016 1214 sic
1031 1153 1132 1214 Dido:

49 1238 118 1299 Sed
137 1239 214 1298 mibi
231 1236 284 1296 vel
298 1235 382 1296 tellus
400 1248 498 1318 optem
511 1233 597 1318 prius
621 1234 684 1294 ima
703 1231 842 1300 dehiscat.
864 1235 1057 1318 Quamquam
1068 1237 1135 1298 Ho-

47 1342 153 1384 merus
172 1314 240 1382 stias
264 1337 320 1396 μοι
334 1313 431 1398 χάνοι
448 1313 559 1398 sciprio
575 1311 677 1396 χθών.
718 1336 846 1378 sarran.

20 1413 22 1424 ’
132 1401 210 1486 Pag.
229 1400 283 1478 64,
307 1420 359 1463 ar.
381 1421 466 1466 curn
491 1400 585 1462 albo
608 1400 777 1463 calculo.
801 1397 860 1480 τὴν
886 1399 1024 1462 νικῶσαν
1045 1413 1136 1464 vocat

46 1496 180 1560 auctor,
209 1485 384 1546 urboenteru.
429 1481 546 1546 Album
573 1481 722 1546 calculum
752 1483 863 1545 addere
891 1495 937 1546 est
958 1486 1133 1566 approbare.

45 1571 135 1631 Olim
158 1571 249 1645 enim,
273 1565 397 1631 calculis
417 1570 449 1629 in
471 1587 579 1628 urnam
601 1568 709 1642 missis,
732 1567 774 1626 ita
794 1567 969 1629 serebantur
989 1589 1006 1628 a
1025 1569 1133 1630 indici·

43 1654 107 1714 bus
128 1655 315 1731 sententiae,
337 1663 373 1714 ut
398 1651 476 1714 albis
496 1650 705 1723 absolverent,
738 1649 876 1732 pluribus
897 1648 1028 1731 scilicet,
1060 1653 1135 1714 atris

43 1719 237 1800 dnmrlarent.
279 1736 372 1814 Quod
402 1737 428 1796 si
456 1734 595 1818 aequales
615 1753 743 1794 numero
763 1733 908 1817 fuissent,
943 1753 1012 1796 reus
1038 1734 1134 1798 cibilc

44 1823 150 1882 minus
171 1818 370 1881 liberabatur.
395 1817 490 1880 Plura
510 1815 832 1890 Cbiliastesrrorran.

131 1917 208 2000 Pag.
223 1918 276 1990 65.
298 1940 328 2002 9.
351 1907 449 1990 αὐτὸς
468 1919 511 1981 Μ.
528 1927 559 1979 et
579 1916 634 1980 lin.
655 1935 701 2000 ¹7·
722 1909 807 1998 ἡμᾶς
826 1927 856 1978 ct
868 1913 967 2001 ἡμῶν.

136 2003 215 2086 Pag.
235 1999 288 2080 66,
310 2021 363 2063 aa.
384 2003 550 2064 τελευταῖα
571 2003 614 2064 Μ.
991 2081 992 2084 ¹

132 2083 210 2168 Pag.
220 2086 272 2169 67,
286 2103 317 2155 a.
340 2088 467 2148 locum
490 2083 639 2145 iudicii
659 2085 937 2167 introgressus.
962 2086 1049 2164 Quae
1063 2087 1135 2151 scri·

42 2174 92 2234 bit
110 2173 260 2252 Gregoras
278 2167 359 2232 libro
372 2178 480 2232 octavo
493 2188 563 2228 cnm
576 2168 635 2249 bis,
649 2189 728 2250 quae
742 2167 835 2252 paulo
859 2179 930 2230 ante
947 2167 1028 2232 dicta
1044 2181 1132 2248 sunt,

41 2273 188 2339 quaeque
209 2263 387 2336 sequuntur,
412 2271 522 2336 parum
543 2255 748 2314 consentiunt.
776 2251 871 2332 Audi,
889 2255 914 2314 si
935 2251 1018 2314 libet.
1038 2255 1136 2316 Sexta

35 2359 137 2423 porro
157 2335 339 2399 hebdomade
362 2349 481 2397 sanctae
506 2335 755 2420 qrradrogesimae
773 2339 956 2422 imperator,
977 2338 1136 2400 Ger-asima

33 2421 217 2508 patrurruba
236 2434 265 2482 et
283 2420 354 2519 aliis
378 2417 584 2520 pontrfieibur,
615 2421 720 2506 quiin
749 2421 819 2481 urbe
841 2435 945 2519 erant,
969 2424 1138 2502 accersitis,

36 2503 1137 2673 bdtbbbfflttwfflrpffibtt

36 2667 146 2752 officio
169 2681 257 2741 esset,
284 2683 336 2728 ortt
358 2691 417 2732 non
443 2671 507 2730 sine
535 2691 624 2730 causa
642 2669 796 2752 probabili
816 2671 954 2732 multatus
972 2669 1135 2736 videretur.

36 2757 198 2838 Ingressus
220 2763 262 2811 est
275 2752 366 2832 egitur
386 2749 576 2814 Andronicus
595 2753 719 2827 iunior,
740 2750 876 2812 addentis
895 2775 992 2815 secum
1007 2755 1136 2816 nonnul·
1171 2807 1172 2812 ,

34 2841 103 2916 lis,
121 2835 175 2922 qui
195 2834 308 2898 ocadta
328 2853 418 2894 arma
437 2847 465 2897 et
482 2837 629 2919 pugiones
645 2833 796 2918 gerebant,
813 2856 867 2896 nec
892 2838 956 2923 ipse
970 2835 1064 2921 plane
1086 2837 1150 2898 in·-

32 2921 137 2984 errrris
151 2927 207 2980 etc.
225 2937 359 2980 rossan.
590 2973 593 2980 .
1145 3001 1148 3008 ¹

132 3015 215 3102 Pag.
236 3015 291 3102 67,
314 3016 362 3078 15.
385 3015 460 3100 Qui
482 3017 671 3084 Canicleo
694 3032 893 3105 praeerat.
926 3014 1135 3104 curopalates¹

32 3095 102 3168 ἐπὶ
121 3098 178 3163 τοῦ
194 3093 386 3164 aaronita
417 3087 457 3178 ἦν
489 3095 748 3184 ὅσυμπὲνθερος
776 3101 836 3164 τοῦ
857 3103 1011 3180 βασιλέως
1039 3095 1138 3188 ὄχού-Ι

33 3204 151 3268 μδνῡς.
193 3183 270 3247 Erat
290 3193 392 3246 aulem
413 3181 589 3250 Carieteum
609 3210 662 3252 arx
692 3199 723 3249 et
744 3188 959 3250 monasterium
983 3187 1137 3250 Constan—
1185 3233 1190 3244 ,

33 3264 179 3350 tiuopoli
200 3269 233 3330 in
245 3265 343 3347 urbe,
359 3267 445 3328 cuius
464 3272 652 3349 praefectura
672 3271 798 3334 illustris
818 3270 1004 3350 admodum,
1019 3271 1137 3351 fuitque

33 3353 179 3416 alterum
207 3349 355 3434 palatium
377 3349 656 3434 Constantinopdi,
679 3355 763 3441 quod
791 3373 897 3416 socero
924 3355 1137 3437 imperatoris,

33 3440 70 3500 si
92 3443 193 3515 essct,
214 3434 341 3498 honoris
363 3453 435 3516 crgo
449 3433 581 3498 dabatur
601 3436 806 3502 incolendum.
848 3436 936 3502 Etis
955 3459 1058 3500 coram
1079 3441 1137 3497 irn-

33 3529 189 3604 pcratore
203 3538 314 3603 genero
333 3515 523 3592 vehebatur,
553 3537 609 3580 nec
629 3520 789 3581 tenebatur
811 3542 919 3584 coram
940 3541 978 3584 eo
998 3521 1030 3581 in
1045 3521 1136 3604 pedes

32 3601 207 3689 procidere
237 3613 268 3664 et
303 3604 348 3666 ire
381 3601 530 3684 pedibus,
563 3609 599 3660 ut
625 3600 677 3662 alii
705 3619 810 3664 omnes
823 3643 833 3676 ,
859 3607 966 3684 quiin
991 3602 1137 3684 dignitate

32 3695 149 3764 erant,
167 3681 581 3768 imperatorisbeneficio.1tn
593 3682 767 3750 scholiastes
781 3681 992 3770 Curopelatae.
1006 3703 1137 3750 scuras.

30 3765 222 3852 ὀχούμενος
242 3771 287 3838 Μ.

132 3867 215 3951 Paga
233 3869 286 3955 69,
313 3889 341 3932 s.
363 3861 399 3932 τὸ
420 3887 482 3930 om.
503 3868 550 3930 Μ.
568 3876 640 3930 ante
659 3865 826 3947 ἐπίταγμα.
1108 3937 1110 3942 ,

133 3965 417 4054 Ρας.69,14.ο.τ
454 3967 563 4048 tege,
597 3987 696 4050 quae
732 3966 909 4043 iudiciis
937 3971 1042 4052 ipsis
1072 3967 1135 4029 do*
1157 3987 1171 4000 ·

31 4055 232 4116 minatur.
272 4047 487 4114 Narniadices
506 4049 673 4112 secundum
696 4047 798 4132 leges,
833 4069 895 4112 non
924 4051 1067 4112 contrat

35 4135 189 4198 iudicare
207 4131 329 4200 debent.
370 4135 532 4198 Praeterea
563 4134 643 4195 sictu
675 4135 866 4216 magistratus
886 4132 998 4196 dicitur
1017 4069 1136 4197 lesbon-i

35 4239 175 4303 quens,
208 4218 307 4282 sicet
337 4228 441 4282 mutus
470 4217 683 4300 nagtsunms,
721 4218 776 4302 qui
812 4215 920 4301 procul
939 4215 1033 4286 dubio
1065 4219 1135 4302 ipsis
