2854 4936
304 314 371 375 cn
396 310 674 378 etruscorum
702 315 777 376 cru.
797 318 822 378 1.
1019 283 1103 400 393

59 467 127 527 nistri
155 487 250 528 rerum
274 467 382 531 domus
401 469 631 550 imperatoriae,
666 489 743 552 quos
771 469 963 534 iureconsulti
989 466 1107 535 'incant
1208 523 1216 531 .

59 551 161 610 comites
187 571 285 613 rerum
318 554 520 634 privatarum,
551 555 604 636 qui
631 553 753 635 quidem
776 554 888 615 assidui
914 566 1000 618 erant
1025 559 1109 639 apud

56 634 199 714 principes,
225 657 327 696 eorum
349 639 429 698 iussa
452 636 628 718 excipientes
645 647 675 696 et
696 648 897 719 exsequentes.
938 635 1108 720 πράγματα

56 718 131 796 igitur
150 715 291 794 βασιλικοὶ
311 739 389 804 quae
412 719 525 782 fuerint
545 718 605 781 hoc
626 717 707 797 loco,
729 722 804 800 hm,
825 731 861 782 ut
880 741 967 802 reor,
991 723 1107 806 perspi-

56 819 98 864 cis.
118 819 238 867 cenric.
1178 823 1182 828 ·

121 881 302 964 Pag.55‚rt.
324 873 493 949 laudauit
515 886 686 972 respond.
707 906 867 948 acumen.
890 885 1106 949 Animadverte

52 959 149 1024 laudari
167 965 261 1029 obiter
280 971 444 1054 Gregorarn
475 980 599 1053 propter
620 973 693 1030 scite
713 969 838 1030 dictum.
861 970 930 1034 Lib.
950 969 979 1050 4.
1003 991 1105 1053 repre·

52 1045 174 1109 henditur
189 1054 341 1131 acerrime,
366 1053 419 1115 sed
439 1076 458 1116 a
478 1053 622 1119 moribus.
666 1055 733 1134 ipse
754 1063 855 1114 temen
870 1056 1020 1137 Gregoras
1043 1075 1105 1116 nou

52 1129 126 1190 senei
150 1133 345 1200 Cantacnceni
364 1137 528 1200 honorifice
555 1127 712 1215 meminit,
733 1147 769 1196 ut
787 1137 972 1220 praefatione
1000 1137 1039 1198 nd
1061 1136 1105 1199 le-

51 1223 143 1274 ctorem
161 1220 348 1284 ostendimus.
390 1221 482 1300 Quod
503 1222 576 1283 dicit
597 1218 687 1304 paulo
709 1229 795 1297 cnm,
824 1221 990 1310 Gpegoram
1005 1222 1106 1304 'inisse

50 1296 207 1360 Metochitee
228 1303 425 1388 discipulum,
448 1305 482 1365 id
498 1307 623 1387 ipsemet
647 1302 727 1364 libro
740 1303 773 1366 8.
803 1313 930 1365 testetur
959 1302 1007 1365 his
1032 1325 1103 1365 vcr-

50 1380 100 1440 vis:
138 1381 217 1442 Nam
233 1402 426 1477 posteaquam
455 1391 488 1448 in
507 1409 605 1449 recens
639 1383 802 1472 ocdficato
823 1389 1001 1448 monasterio
1023 1388 1102 1449 otc-

49 1480 89 1519 rce
105 1483 148 1523 mc
167 1468 330 1548 collocavit,
356 1473 489 1534 maximi
499 1472 579 1552 secit
597 1485 626 1532 et
645 1491 746 1556 paene
766 1472 798 1531 in
816 1473 951 1550 geroiani
954 1469 1028 1554 filii
1038 1473 1106 1531 locn

48 1562 84 1603 me
101 1546 220 1614 dilecti:
247 1555 341 1629 adeo,
366 1569 397 1616 ut
416 1556 643 1617 astronomicam
670 1553 886 1638 discplinam,
917 1575 1007 1638 quom
1025 1555 1103 1614 solcis

46 1645 73 1684 cn
95 1641 216 1714 tempore
238 1640 451 1723 peffeetsssime
481 1643 624 1714 nouerat,
654 1638 730 1698 metu
749 1637 896 1710 vaderet,
932 1649 1103 1698 nectarites

46 1727 100 1790 oper
116 1715 256 1782 invideret
275 1737 306 1784 et
326 1745 378 1784 cae
444 1744 465 1782 o
486 1721 528 1784 ud
545 1722 751 1806 imperatorem
776 1739 813 1780 ac
835 1739 972 1804 proceres
989 1721 1102 1800 gloria-

46 1805 121 1876 mur,
140 1819 185 1861 me
202 1827 223 1866 ο
242 1827 274 1867 sc
287 1808 355 1868 icere
380 1826 428 1866 cm
463 1807 593 1868 octrmae
610 1825 681 1866 suae
695 1802 856 1865 imtiactum
875 1823 949 1865 esse.
973 1821 1102 1868 courir.

111 1879 187 1964 Pag·
206 1889 258 1967 55,
287 1909 333 1974 ¹9·
356 1889 576 1968 προσήκουσαν
594 1888 636 1949 M.
655 1907 717 1969 mg.

110 1963 187 2048 Pag-
209 1971 259 2048 55,
284 1993 334 2036 οι.
355 1971 577 2052 διειλέχθησαν
597 1981 678 2032 recte
698 1971 744 2031 Μ.
1070 1976 1086 1992 ’“

109 2044 182 2130 Peg.
205 2055 255 2130 55,
282 2075 332 2118 aa.
352 2048 483 2116 ἐδόκουν
516 2050 552 2114 δὲ
581 2049 691 2128 λίθους
716 2053 830 2133 ἕψειν,
857 2049 1036 2116 uidebantur
1055 2053 1103 2116 la-

40 2123 110 2222 efdffl
132 2151 262 2218 (toquere.
320 2139 484 2200 Peccatum
512 2147 559 2198 est
592 2137 672 2198 forte
701 2155 720 2198 a
755 2135 878 2198 librario
901 2148 931 2198 et
957 2140 1104 2219 scriptum

42 2219 115 2302 ιψειν
133 2233 188 2296 pro
215 2219 325 2286 εἰπεῖν.
368 2221 400 2283 si
418 2242 482 2282 non
502 2230 559 2300 est,
583 2229 649 2282 tum
667 2220 789 2282 inanem
813 2212 935 2304 operam
954 2222 1102 2304 significa-

42 2301 94 2350 ut:
112 2315 168 2360 non
190 2305 274 2364 enirn
294 2303 443 2366 mollescit
465 2303 552 2388 lapis,
574 2303 648 2366 dutn
674 2308 840 2388 coquiturt
862 2303 982 2388 ignibus
1001 2315 1102 2366 temen

42 2371 78 2444 fid,
91 2377 193 2445 calcem
211 2387 369 2471 redigitur.
413 2387 472 2450 Sed
494 2386 574 2450 melo
596 2387 695 2472 legere
716 2387 836 2466 εἰπεῖν,
863 2398 899 2448 ut
923 2407 1028 2450 sensus
1050 2389 1102 2467 sit,

40 2457 113 2522 nimis
129 2463 202 2530 dura
218 2471 402 2534 videbuntur
419 2470 524 2554 loqui,
544 2483 579 2532 ut
598 2481 644 2533 est
666 2469 752 2553 lapis.
794 2472 901 2554 ltaque
923 2482 955 2531 et
976 2470 1103 2532 Plautus

40 2535 201 2615 dulciarius
232 2557 384 2617 cerebrum
401 2557 488 2618 miitt'
505 2555 586 2618 dicta
606 2569 659 2618 tua
684 2555 859 2636 excutiunt,
888 2573 990 2617 soror:
1020 2555 1101 2639 lapi-

37 2621 78 2682 d⁶⁸
98 2629 230 2715 loqueris.
256 2659 393 2708 roenna.

104 2713 238 2800 Part-56,
253 2743 301 2784 to.
323 2745 416 2785 vere
437 2742 557 2797 ιιοοο,
574 2719 694 2784 Nonis
713 2721 844 2806 April.
866 2719 1103 2802 Quomodotam

36 2806 90 2853 tero
106 2817 216 2865 novum
238 2812 314 2868 ver?
354 2809 470 2867 Graece
490 2808 571 2866 enitn
600 2817 646 2868 est
683 2795 755 2882 ἄρτι
791 2804 822 2866 δ’
848 2798 943 2886 ἔαρος
964 2801 1102 2884 ἀρχομέ-

36 2889 89 2941 Wv·
125 2883 274 2962 Adultum
299 2893 465 2974 est'potius
497 2889 593 2951 Nonis
624 2887 791 2972 Aprilibus.
833 2889 880 2950 lta
901 2908 973 2948 sane
994 2907 1102 2948 secun·

35 2951 95 3020 dunt
114 2967 186 3030 coeli
206 2993 341 3041 cursuro.
383 2973 444 3036 Sed
459 2983 558 3055 potest
577 2983 652 3034 tnnc
673 2992 789 3032 novum
813 2991 886 3050 esse,
907 2973 932 3032 si
952 2981 1017 3030 tum
1038 2967 1102 3052 pri·

35 3055 104 3104 mnrn
123 3069 213 3116 verna
233 3067 395 3141 tempestas
417 3057 562 3155 incipiat,
590 3077 681 3138 quam
704 3055 763 3118 hoc
783 3075 863 3116 anno
891 3053 977 3116 1601.
999 3062 1030 3115 et
1049 3071 1102 3114 sn-

34 3127 136 3202 Ρθΐῑῠῐθ
155 3142 268 3220 experti
294 3161 418 3220 sumus,
446 3160 517 3202 cum
545 3141 658 3202 Martio
689 3159 792 3200 mense
823 3135 907 3200 bend
941 3139 1099 3220 incepisse.

33 3205 94 3282 Quo
113 3231 199 3296 pecto
221 3223 311 3288 aliter
334 3225 418 3286 locus
440 3223 615 3307 explicetur,
636 3245 699 3286 non
720 3223 858 3306 dispicio.
899 3241 1030 3285 roscen.

100 3299 172 3384 Png.
183 3305 237 3385 56,
251 3327 297 3392 ¹9·
314 3303 395 3390 πρός
404 3327 440 3369 σε
448 3311 492 3372 Μ.
505 3327 638 3395 quoque.
659 3308 730 3370 Non
753 3325 830 3391 opus
844 3315 890 3370 est
905 3306 1100 3369 correctione.

100 3381 174 3467 Peg.
187 3391 284 3475 57,9.
308 3382 435 3473 ἑτέρους
456 3393 500 3458 M.

102 3465 240 3555 Peg-57,
254 3495 299 3558 ¹9·
316 3487 438 3536 semet
453 3475 498 3536 dc
513 3477 694 3559 maligno
713 3477 858 3538 volunt.
872 3493 939 3536 sua
956 3473 1100 3538 ulcisci.

29 3537 67 3605 Ut
83 3547 150 3614 iecit
170 3575 260 3618 senex
287 3557 369 3640 apud
386 3559 564 3621 Terentium
591 3563 622 3620 in
645 3561 1011 3622 Heautontimorumenos
1051 3558 1101 3617 in-

28 3637 98 3692 terea
111 3657 197 3722 usque
218 3641 269 3701 illi
282 3641 320 3702 de
339 3661 386 3701 me
456 3643 582 3725 plicticm
608 3642 697 3710 dabo.
738 3643 798 3706 Sed
813 3643 904 3705 aliam
923 3640 965 3704 ob
980 3659 1102 3702 canem

27 3705 80 3812 iiic,
99 3729 128 3779 et
150 3720 191 3782 ob
210 3722 303 3785 eliam
325 3724 391 3794 iste.
406 3663 592 3788 ”irascerer
612 3724 664 3814 iile
684 3726 791 3790 volens
814 3748 850 3790 ac
870 3723 1024 3812 prudens,
1050 3721 1101 3784 hie

26 3809 136 3862 tamtus.
163 3825 293 3877 norrea.
965 3829 969 3836 ·

97 3883 174 3968 rag.
184 3887 237 3968 58,
246 3909 275 3950 ο.
296 3907 346 3953 σοι
365 3889 409 3955 M.
430 3911 515 3975 mg„
537 3907 574 3953 os
593 3900 702 3958 textus.
769 3905 771 3912 '

96 3967 301 4056 Pag.59,14.
322 3971 386 4035 teir
407 3975 450 4042 M.
471 3995 529 4056 pro
549 3975 607 4034 τοῦ
627 3986 698 4037 ante
717 3973 824 4050 βασιλ.

97 4049 171 4134 Peg.
183 4053 235 4131 60,
251 4077 276 4122 r.
300 4057 357 4118 τοῦ
381 4057 451 4119 add.
469 4059 511 4118 Μ.
529 4077 590 4140 mg.
611 4069 682 4120 ente
702 4057 810 4137 βασιλ.
1054 4107 1058 4118 ,

95 4131 279 4218 Pagone.
299 4141 353 4202 ad
372 4141 559 4224 Sophiae.
602 4141 684 4203 Fiiin
710 4141 789 4214 Dei,
822 4140 875 4222 qui
904 4149 949 4201 est
970 4137 1099 4202 verbum

23 4219 49 4270 et
68 4220 212 4300 sapientie
232 4221 333 4288 Patris
341 4269 353 4305 ,
378 4245 396 4287 c
417 4225 616 4290 Condatino
636 4227 771 4310 primum
790 4227 953 4288 excitatum
975 4235 1019 4286 est
1037 4222 1098 4288 hoc
