<?xml version="1.0" encoding="UTF-8"?>
<!DOCTYPE html PUBLIC "-//W3C//DTD XHTML 1.0 Transitional//EN"
    "http://www.w3.org/TR/xhtml1/DTD/xhtml1-transitional.dtd">
<html xmlns="http://www.w3.org/1999/xhtml" xml:lang="en" lang="en">
 <head>
  <title>
</title>
<meta http-equiv="Content-Type" content="text/html;charset=utf-8" />
  <meta name='ocr-system' content='tesseract 3.04.00' />
  <meta name='ocr-capabilities' content='ocr_page ocr_carea ocr_par ocr_line ocrx_word'/>
</head>
<body>
  <div class='ocr_page' id='page_1' title='image "./ioanniscantacuz02niebgoog_0560.png"; bbox 0 0 2944 4934; ppageno 0'>
   <div class='ocr_carea' id='block_1_1' title="bbox 279 297 1120 418">
    <p class='ocr_par' dir='ltr' id='par_1_1' title="bbox 279 297 1120 418">
     <span class='ocr_line' id='line_1_1' title="bbox 279 297 1120 418; baseline 0.023 -30"><span class='ocrx_word' id='word_1_1' title='bbox 279 325 336 388; x_wconf 78' lang='lat' dir='ltr'>sn</span> <span class='ocrx_word' id='word_1_2' title='bbox 363 323 644 390; x_wconf 72' lang='lat' dir='ltr'>cumanorum</span> <span class='ocrx_word' id='word_1_3' title='bbox 678 328 754 392; x_wconf 72' lang='lat' dir='ltr'>ara,</span> <span class='ocrx_word' id='word_1_4' title='bbox 782 327 838 392; x_wconf 78' lang='lat' dir='ltr'>iv.</span> <span class='ocrx_word' id='word_1_5' title='bbox 1033 297 1120 418; x_wconf 76' lang='grc'>547</span> 
     </span>
    </p>
   </div>
   <div class='ocr_carea' id='block_1_2' title="bbox 29 475 1174 4311">
    <p class='ocr_par' dir='ltr' id='par_1_2' title="bbox 29 475 1174 4228">
     <span class='ocr_line' id='line_1_2' title="bbox 40 475 1124 562; baseline 0.002 -22"><span class='ocrx_word' id='word_1_6' title='bbox 40 499 110 540; x_wconf 86' lang='lat' dir='ltr'>oum</span> <span class='ocrx_word' id='word_1_7' title='bbox 131 475 302 562; x_wconf 78' lang='lat' dir='ltr'>pontificem</span> <span class='ocrx_word' id='word_1_8' title='bbox 320 480 353 540; x_wconf 91' lang='lat' dir='ltr'>iu</span> <span class='ocrx_word' id='word_1_9' title='bbox 375 477 572 540; x_wconf 87' lang='lat' dir='ltr'>ecclesiastica</span> <span class='ocrx_word' id='word_1_10' title='bbox 593 477 765 540; x_wconf 79' lang='lat' dir='ltr'>hierarchia</span> <span class='ocrx_word' id='word_1_11' title='bbox 787 489 963 560; x_wconf 81' lang='lat' dir='ltr'>supremum</span> <span class='ocrx_word' id='word_1_12' title='bbox 977 499 1051 558; x_wconf 87' lang='lat' dir='ltr'>esse,</span> <span class='ocrx_word' id='word_1_13' title='bbox 1065 479 1124 554; x_wconf 89' lang='lat' dir='ltr'>du-</span> 
     </span>
     <span class='ocr_line' id='line_1_3' title="bbox 42 560 1125 644; baseline 0.005 -22"><span class='ocrx_word' id='word_1_14' title='bbox 42 564 105 644; x_wconf 82' lang='lat' dir='ltr'>plici</span> <span class='ocrx_word' id='word_1_15' title='bbox 125 573 293 624; x_wconf 87' lang='lat' dir='ltr'>commento</span> <span class='ocrx_word' id='word_1_16' title='bbox 317 562 376 623; x_wconf 91' lang='lat' dir='ltr'>hoc</span> <span class='ocrx_word' id='word_1_17' title='bbox 395 582 555 643; x_wconf 78' lang='lat' dir='ltr'>supremae</span> <span class='ocrx_word' id='word_1_18' title='bbox 575 560 732 644; x_wconf 76' lang='lat' dir='ltr'><strong>dignitatis</strong></span> <span class='ocrx_word' id='word_1_19' title='bbox 746 561 899 644; x_wconf 82' lang='lat' dir='ltr'><strong>fastigium</strong></span> <span class='ocrx_word' id='word_1_20' title='bbox 918 563 957 624; x_wconf 90' lang='lat' dir='ltr'>ad</span> <span class='ocrx_word' id='word_1_21' title='bbox 979 586 1011 625; x_wconf 88' lang='lat' dir='ltr'>se</span> <span class='ocrx_word' id='word_1_22' title='bbox 1023 577 1125 627; x_wconf 88' lang='lat' dir='ltr'>trans·</span> 
     </span>
     <span class='ocr_line' id='line_1_4' title="bbox 41 645 1124 730; baseline 0.006 -24"><span class='ocrx_word' id='word_1_23' title='bbox 41 651 115 706; x_wconf 76' lang='lat' dir='ltr'>ieme</span> <span class='ocrx_word' id='word_1_24' title='bbox 136 647 234 706; x_wconf 85' lang='lat' dir='ltr'>eonati</span> <span class='ocrx_word' id='word_1_25' title='bbox 255 656 349 708; x_wconf 81' lang='lat' dir='ltr'>sunt:</span> <span class='ocrx_word' id='word_1_26' title='bbox 371 649 469 728; x_wconf 89' lang='lat' dir='ltr'>primo</span> <span class='ocrx_word' id='word_1_27' title='bbox 490 645 572 704; x_wconf 86' lang='lat' dir='ltr'>euim</span> <span class='ocrx_word' id='word_1_28' title='bbox 596 646 750 723; x_wconf 81' lang='lat' dir='ltr'>dixerunt,</span> <span class='ocrx_word' id='word_1_29' title='bbox 762 645 898 726; x_wconf 89' lang='lat' dir='ltr'>pontifici</span> <span class='ocrx_word' id='word_1_30' title='bbox 920 667 982 707; x_wconf 88' lang='lat' dir='ltr'>non</span> <span class='ocrx_word' id='word_1_31' title='bbox 1003 669 1124 730; x_wconf 86' lang='lat' dir='ltr'>compe·</span> 
     </span>
     <span class='ocr_line' id='line_1_5' title="bbox 41 729 1125 812; baseline 0.006 -22"><span class='ocrx_word' id='word_1_32' title='bbox 41 741 100 790; x_wconf 87' lang='lat' dir='ltr'>tere</span> <span class='ocrx_word' id='word_1_33' title='bbox 130 733 243 811; x_wconf 86' lang='lat' dir='ltr'>primas</span> <span class='ocrx_word' id='word_1_34' title='bbox 281 729 385 790; x_wconf 86' lang='lat' dir='ltr'>divino</span> <span class='ocrx_word' id='word_1_35' title='bbox 409 730 547 791; x_wconf 88' lang='lat' dir='ltr'>instituto</span> <span class='ocrx_word' id='word_1_36' title='bbox 576 739 606 788; x_wconf 88' lang='lat' dir='ltr'>et</span> <span class='ocrx_word' id='word_1_37' title='bbox 638 749 801 803; x_wconf 88' lang='lat' dir='ltr'>concessu,</span> <span class='ocrx_word' id='word_1_38' title='bbox 830 729 883 790; x_wconf 89' lang='lat' dir='ltr'>sed</span> <span class='ocrx_word' id='word_1_39' title='bbox 907 730 1125 812; x_wconf 80' lang='lat' dir='ltr'>imperatorum</span> 
     </span>
     <span class='ocr_line' id='line_1_6' title="bbox 40 811 1124 894; baseline 0.004 -22"><span class='ocrx_word' id='word_1_40' title='bbox 40 825 124 891; x_wconf 84' lang='lat' dir='ltr'>nutu,</span> <span class='ocrx_word' id='word_1_41' title='bbox 137 813 218 874; x_wconf 91' lang='lat' dir='ltr'>dono</span> <span class='ocrx_word' id='word_1_42' title='bbox 235 824 265 874; x_wconf 90' lang='lat' dir='ltr'>et</span> <span class='ocrx_word' id='word_1_43' title='bbox 281 813 450 894; x_wconf 85' lang='lat' dir='ltr'>privilegio,</span> <span class='ocrx_word' id='word_1_44' title='bbox 474 833 509 872; x_wconf 90' lang='lat' dir='ltr'>ac</span> <span class='ocrx_word' id='word_1_45' title='bbox 530 811 659 894; x_wconf 83' lang='lat' dir='ltr'><strong>proinde</strong></span> <span class='ocrx_word' id='word_1_46' title='bbox 679 814 712 874; x_wconf 87' lang='lat' dir='ltr'>in</span> <span class='ocrx_word' id='word_1_47' title='bbox 737 815 925 894; x_wconf 86' lang='lat' dir='ltr'>imperatoris</span> <span class='ocrx_word' id='word_1_48' title='bbox 945 835 1037 874; x_wconf 89' lang='lat' dir='ltr'>manu</span> <span class='ocrx_word' id='word_1_49' title='bbox 1051 834 1124 894; x_wconf 76' lang='lat' dir='ltr'>csse,</span> 
     </span>
     <span class='ocr_line' id='line_1_7' title="bbox 41 894 1124 978; baseline 0.007 -23"><span class='ocrx_word' id='word_1_50' title='bbox 41 898 149 976; x_wconf 81' lang='lat' dir='ltr'>primas</span> <span class='ocrx_word' id='word_1_51' title='bbox 168 897 306 960; x_wconf 85' lang='lat' dir='ltr'>Romano</span> <span class='ocrx_word' id='word_1_52' title='bbox 326 895 462 978; x_wconf 85' lang='lat' dir='ltr'>pontifici</span> <span class='ocrx_word' id='word_1_53' title='bbox 482 894 623 970; x_wconf 84' lang='lat' dir='ltr'>adimere,</span> <span class='ocrx_word' id='word_1_54' title='bbox 642 899 738 978; x_wconf 84' lang='lat' dir='ltr'>iisque</span> <span class='ocrx_word' id='word_1_55' title='bbox 756 897 1124 978; x_wconf 71' lang='lat' dir='ltr'>constantinopolitanum</span> 
     </span>
     <span class='ocr_line' id='line_1_8' title="bbox 40 978 1126 1062; baseline 0.006 -24"><span class='ocrx_word' id='word_1_56' title='bbox 40 978 202 1060; x_wconf 84' lang='lat' dir='ltr'>praesulem</span> <span class='ocrx_word' id='word_1_57' title='bbox 221 981 375 1062; x_wconf 86' lang='lat' dir='ltr'>insignire,</span> <span class='ocrx_word' id='word_1_58' title='bbox 391 981 483 1040; x_wconf 87' lang='lat' dir='ltr'>immo</span> <span class='ocrx_word' id='word_1_59' title='bbox 498 989 528 1040; x_wconf 90' lang='lat' dir='ltr'>et</span> <span class='ocrx_word' id='word_1_60' title='bbox 540 1001 574 1040; x_wconf 87' lang='lat' dir='ltr'>re</span> <span class='ocrx_word' id='word_1_61' title='bbox 589 981 655 1061; x_wconf 88' lang='lat' dir='ltr'>ipsa</span> <span class='ocrx_word' id='word_1_62' title='bbox 673 980 840 1062; x_wconf 85' lang='lat' dir='ltr'>insigniisse</span> <span class='ocrx_word' id='word_1_63' title='bbox 852 991 1017 1060; x_wconf 86' lang='lat' dir='ltr'>ttmc,cum</span> <span class='ocrx_word' id='word_1_64' title='bbox 1025 981 1126 1044; x_wconf 81' lang='lat' dir='ltr'>Rome</span> 
     </span>
     <span class='ocr_line' id='line_1_9' title="bbox 41 1063 1125 1146; baseline 0.007 -26"><span class='ocrx_word' id='word_1_65' title='bbox 41 1063 329 1146; x_wconf 87' lang='lat' dir='ltr'>Constantinopolim</span> <span class='ocrx_word' id='word_1_66' title='bbox 360 1063 521 1144; x_wconf 89' lang='lat' dir='ltr'>imperium</span> <span class='ocrx_word' id='word_1_67' title='bbox 549 1063 714 1124; x_wconf 84' lang='lat' dir='ltr'>transtulit.</span> <span class='ocrx_word' id='word_1_68' title='bbox 757 1064 805 1124; x_wconf 85' lang='lat' dir='ltr'>lta</span> <span class='ocrx_word' id='word_1_69' title='bbox 834 1066 925 1126; x_wconf 86' lang='lat' dir='ltr'><strong>sentit</strong></span> <span class='ocrx_word' id='word_1_70' title='bbox 957 1075 988 1124; x_wconf 86' lang='lat' dir='ltr'>et</span> <span class='ocrx_word' id='word_1_71' title='bbox 1018 1066 1125 1130; x_wconf 83' lang='lat' dir='ltr'><strong>scribit</strong></span> 
     </span>
     <span class='ocr_line' id='line_1_10' title="bbox 40 1145 1126 1228; baseline 0.006 -25"><span class='ocrx_word' id='word_1_72' title='bbox 40 1145 128 1206; x_wconf 84' lang='lat' dir='ltr'>Anna</span> <span class='ocrx_word' id='word_1_73' title='bbox 148 1145 303 1208; x_wconf 80' lang='grc' dir='ltr'><strong><em>Οοαιιιοιια</em></strong></span> <span class='ocrx_word' id='word_1_74' title='bbox 323 1145 385 1206; x_wconf 89' lang='lat' dir='ltr'>filia</span> <span class='ocrx_word' id='word_1_75' title='bbox 409 1146 508 1206; x_wconf 85' lang='lat' dir='ltr'>Alexii</span> <span class='ocrx_word' id='word_1_76' title='bbox 535 1146 683 1208; x_wconf 86' lang='lat' dir='ltr'>Comneni</span> <span class='ocrx_word' id='word_1_77' title='bbox 704 1149 894 1228; x_wconf 87' lang='lat' dir='ltr'>imperatoris</span> <span class='ocrx_word' id='word_1_78' title='bbox 916 1147 970 1213; x_wconf 88' lang='lat' dir='ltr'>lib.</span> <span class='ocrx_word' id='word_1_79' title='bbox 996 1167 1023 1207; x_wconf 89' lang='lat' dir='ltr'>r.</span> <span class='ocrx_word' id='word_1_80' title='bbox 1049 1147 1126 1210; x_wconf 87' lang='lat' dir='ltr'>Ale·</span> 
     </span>
     <span class='ocr_line' id='line_1_11' title="bbox 41 1229 1126 1311; baseline 0.006 -23"><span class='ocrx_word' id='word_1_81' title='bbox 41 1230 149 1290; x_wconf 85' lang='lat' dir='ltr'>xiadis:</span> <span class='ocrx_word' id='word_1_82' title='bbox 172 1253 244 1292; x_wconf 86' lang='lat' dir='ltr'>eum</span> <span class='ocrx_word' id='word_1_83' title='bbox 257 1233 338 1292; x_wconf 90' lang='lat' dir='ltr'>enim</span> <span class='ocrx_word' id='word_1_84' title='bbox 351 1231 547 1311; x_wconf 82' lang='lat' dir='ltr'>nescioquas</span> <span class='ocrx_word' id='word_1_85' title='bbox 566 1229 604 1290; x_wconf 86' lang='lat' dir='ltr'>de</span> <span class='ocrx_word' id='word_1_86' title='bbox 626 1229 772 1292; x_wconf 87' lang='lat' dir='ltr'>Pontifice</span> <span class='ocrx_word' id='word_1_87' title='bbox 797 1231 936 1294; x_wconf 85' lang='lat' dir='ltr'>Romano</span> <span class='ocrx_word' id='word_1_88' title='bbox 956 1235 1126 1294; x_wconf 82' lang='lat' dir='ltr'>recensuis-</span> 
     </span>
     <span class='ocr_line' id='line_1_12' title="bbox 40 1311 1126 1397; baseline 0.006 -27"><span class='ocrx_word' id='word_1_89' title='bbox 40 1323 92 1388; x_wconf 86' lang='lat' dir='ltr'>set,</span> <span class='ocrx_word' id='word_1_90' title='bbox 112 1324 144 1373; x_wconf 90' lang='lat' dir='ltr'>et</span> <span class='ocrx_word' id='word_1_91' title='bbox 162 1315 252 1393; x_wconf 87' lang='lat' dir='ltr'>haec,</span> <span class='ocrx_word' id='word_1_92' title='bbox 276 1316 389 1396; x_wconf 78' lang='lat' dir='ltr'>inquit,</span> <span class='ocrx_word' id='word_1_93' title='bbox 412 1322 566 1396; x_wconf 82' lang='lat' dir='ltr'>perpetrat</span> <span class='ocrx_word' id='word_1_94' title='bbox 587 1311 659 1391; x_wconf 89' lang='lat' dir='ltr'>ille,</span> <span class='ocrx_word' id='word_1_95' title='bbox 682 1314 735 1397; x_wconf 89' lang='lat' dir='ltr'>qui</span> <span class='ocrx_word' id='word_1_96' title='bbox 754 1316 897 1376; x_wconf 86' lang='lat' dir='ltr'>universo</span> <span class='ocrx_word' id='word_1_97' title='bbox 920 1313 987 1375; x_wconf 90' lang='lat' dir='ltr'>orbi</span> <span class='ocrx_word' id='word_1_98' title='bbox 1010 1318 1126 1396; x_wconf 82' lang='lat' dir='ltr'>praesi-</span> 
     </span>
     <span class='ocr_line' id='line_1_13' title="bbox 39 1387 1124 1480; baseline 0.005 -27"><span class='ocrx_word' id='word_1_99' title='bbox 39 1394 108 1471; x_wconf 90' lang='lat' dir='ltr'>det,</span> <span class='ocrx_word' id='word_1_100' title='bbox 131 1388 241 1480; x_wconf 68' lang='grc' dir='ltr'><em>ὥσπερ</em></span> <span class='ocrx_word' id='word_1_101' title='bbox 264 1387 320 1458; x_wconf 74' lang='grc' dir='ltr'>οὖν</span> <span class='ocrx_word' id='word_1_102' title='bbox 334 1393 389 1458; x_wconf 84' lang='grc' dir='ltr'><strong><em>καί</em></strong></span> <span class='ocrx_word' id='word_1_103' title='bbox 406 1391 435 1458; x_wconf 84' lang='lat' dir='ltr'>oi</span> <span class='ocrx_word' id='word_1_104' title='bbox 457 1399 590 1458; x_wconf 85' lang='grc' dir='ltr'><strong><em>Λατῖνοι</em></strong></span> <span class='ocrx_word' id='word_1_105' title='bbox 606 1396 733 1477; x_wconf 73' lang='grc' dir='ltr'><strong><em>λέγουσι</em></strong></span> <span class='ocrx_word' id='word_1_106' title='bbox 751 1396 807 1456; x_wconf 77' lang='grc' dir='ltr'><strong><em>καί</em></strong></span> <span class='ocrx_word' id='word_1_107' title='bbox 824 1393 954 1460; x_wconf 83' lang='grc' dir='ltr'><strong><em>οἴονται.</em></strong></span> <span class='ocrx_word' id='word_1_108' title='bbox 979 1391 1124 1479; x_wconf 76' lang='grc' dir='ltr'><strong><em>ἔστιγὰρ</em></strong></span> 
     </span>
     <span class='ocr_line' id='line_1_14' title="bbox 40 1471 1126 1562; baseline 0.005 -26"><span class='ocrx_word' id='word_1_109' title='bbox 40 1479 90 1538; x_wconf 75' lang='lat' dir='ltr'>aci</span> <span class='ocrx_word' id='word_1_110' title='bbox 117 1481 210 1542; x_wconf 78' lang='grc' dir='ltr'><strong><em>τοῦιο</em></strong></span> <span class='ocrx_word' id='word_1_111' title='bbox 235 1480 294 1560; x_wconf 77' lang='grc' dir='ltr'>τῆς</span> <span class='ocrx_word' id='word_1_112' title='bbox 318 1471 514 1555; x_wconf 67' lang='grc' dir='ltr'><strong><em>ἀλαζονείας</em></strong></span> <span class='ocrx_word' id='word_1_113' title='bbox 538 1476 660 1541; x_wconf 71' lang='lat' dir='ltr'>adroic.</span> <span class='ocrx_word' id='word_1_114' title='bbox 699 1473 955 1556; x_wconf 74' lang='grc' dir='ltr'><em>μεταπιπτόντων</em></span> <span class='ocrx_word' id='word_1_115' title='bbox 976 1475 1038 1562; x_wconf 78' lang='grc' dir='ltr'>γοὶρ</span> <span class='ocrx_word' id='word_1_116' title='bbox 1062 1481 1126 1544; x_wconf 73' lang='grc' dir='ltr'>τῶν</span> 
     </span>
     <span class='ocr_line' id='line_1_15' title="bbox 39 1555 1126 1661; baseline 0.002 -37"><span class='ocrx_word' id='word_1_117' title='bbox 39 1555 200 1661; x_wconf 77' lang='grc' dir='ltr'>σκήπτρων</span> <span class='ocrx_word' id='word_1_118' title='bbox 225 1561 348 1624; x_wconf 72' lang='grc' dir='ltr'><strong><em>ἐκεῖθεν</em></strong></span> <span class='ocrx_word' id='word_1_119' title='bbox 376 1559 492 1624; x_wconf 75' lang='grc' dir='ltr'><strong><em>ἐνθάδε</em></strong></span> <span class='ocrx_word' id='word_1_120' title='bbox 516 1561 563 1634; x_wconf 82' lang='grc' dir='ltr'>εἰς</span> <span class='ocrx_word' id='word_1_121' title='bbox 580 1557 638 1643; x_wconf 70' lang='grc' dir='ltr'>τὴν</span> <span class='ocrx_word' id='word_1_122' title='bbox 668 1559 823 1644; x_wconf 79' lang='grc' dir='ltr'>ἡμετέραν</span> <span class='ocrx_word' id='word_1_123' title='bbox 855 1559 1008 1641; x_wconf 72' lang='grc' dir='ltr'>βασιλίδα</span> <span class='ocrx_word' id='word_1_124' title='bbox 1033 1559 1126 1626; x_wconf 80' lang='grc' dir='ltr'><strong><em>πόλιν</em></strong></span> 
     </span>
     <span class='ocr_line' id='line_1_16' title="bbox 40 1638 1123 1746; baseline 0.006 -45"><span class='ocrx_word' id='word_1_125' title='bbox 40 1643 90 1703; x_wconf 76' lang='lat' dir='ltr'>sal</span> <span class='ocrx_word' id='word_1_126' title='bbox 109 1643 148 1725; x_wconf 89' lang='grc' dir='ltr'>δη</span> <span class='ocrx_word' id='word_1_127' title='bbox 171 1642 229 1708; x_wconf 73' lang='grc' dir='ltr'>καὶ</span> <span class='ocrx_word' id='word_1_128' title='bbox 250 1645 309 1728; x_wconf 73' lang='grc' dir='ltr'>πῆς</span> <span class='ocrx_word' id='word_1_129' title='bbox 330 1638 504 1746; x_wconf 68' lang='grc' dir='ltr'><strong><em>συηνλὴτου</em></strong></span> <span class='ocrx_word' id='word_1_130' title='bbox 537 1639 667 1725; x_wconf 77' lang='grc' dir='ltr'><strong><em>καὶτῆς</em></strong></span> <span class='ocrx_word' id='word_1_131' title='bbox 692 1639 764 1727; x_wconf 85' lang='grc' dir='ltr'><strong><em>ὅλης</em></strong></span> <span class='ocrx_word' id='word_1_132' title='bbox 800 1645 966 1728; x_wconf 80' lang='grc' dir='ltr'><strong><em>βασιλικῆς</em></strong></span> <span class='ocrx_word' id='word_1_133' title='bbox 989 1641 1123 1722; x_wconf 76' lang='grc' dir='ltr'><strong><em>τάξεως,</em></strong></span> 
     </span>
     <span class='ocr_line' id='line_1_17' title="bbox 42 1719 1126 1810; baseline 0.005 -25"><span class='ocrx_word' id='word_1_134' title='bbox 42 1727 265 1801; x_wconf 80' lang='grc' dir='ltr'>μεταπέπτωκο</span> <span class='ocrx_word' id='word_1_135' title='bbox 287 1726 343 1790; x_wconf 80' lang='grc' dir='ltr'><strong><em>καί</em></strong></span> <span class='ocrx_word' id='word_1_136' title='bbox 361 1751 382 1809; x_wconf 91' lang='grc' dir='ltr'><strong><em>η</em></strong></span> <span class='ocrx_word' id='word_1_137' title='bbox 399 1727 462 1789; x_wconf 78' lang='grc' dir='ltr'>τῶν</span> <span class='ocrx_word' id='word_1_138' title='bbox 481 1719 608 1809; x_wconf 73' lang='grc' dir='ltr'><em>θρόνων</em></span> <span class='ocrx_word' id='word_1_139' title='bbox 632 1723 839 1810; x_wconf 71' lang='grc' dir='ltr'><strong><em>α’ρχιεραπιιιὴ</em></strong></span> <span class='ocrx_word' id='word_1_140' title='bbox 860 1724 968 1807; x_wconf 80' lang='grc' dir='ltr'><em>τάξις,</em></span> <span class='ocrx_word' id='word_1_141' title='bbox 997 1725 1053 1790; x_wconf 75' lang='grc' dir='ltr'>καὶ</span> <span class='ocrx_word' id='word_1_142' title='bbox 1074 1729 1126 1790; x_wconf 71' lang='grc' dir='ltr'>δε·</span> 
     </span>
     <span class='ocr_line' id='line_1_18' title="bbox 40 1797 1126 1916; baseline 0.006 -48"><span class='ocrx_word' id='word_1_143' title='bbox 40 1801 169 1874; x_wconf 83' lang='grc' dir='ltr'><strong><em>όόιιασιν</em></strong></span> <span class='ocrx_word' id='word_1_144' title='bbox 187 1807 219 1874; x_wconf 82' lang='grc' dir='ltr'>οἱ</span> <span class='ocrx_word' id='word_1_145' title='bbox 237 1797 392 1873; x_wconf 64' lang='lat' dir='ltr'>drinaum</span> <span class='ocrx_word' id='word_1_146' title='bbox 406 1812 548 1916; x_wconf 60' lang='lat' dir='ltr'>placuisti</span> <span class='ocrx_word' id='word_1_147' title='bbox 567 1808 606 1872; x_wconf 79' lang='grc' dir='ltr'>τό</span> <span class='ocrx_word' id='word_1_148' title='bbox 620 1811 769 1892; x_wconf 78' lang='grc' dir='ltr'>πρεσβεῖα</span> <span class='ocrx_word' id='word_1_149' title='bbox 784 1811 827 1895; x_wconf 78' lang='grc' dir='ltr'>τῷ</span> <span class='ocrx_word' id='word_1_150' title='bbox 842 1807 948 1897; x_wconf 78' lang='grc' dir='ltr'><em>θρόνῳ</em></span> <span class='ocrx_word' id='word_1_151' title='bbox 962 1809 1017 1892; x_wconf 76' lang='grc' dir='ltr'>τῆς</span> <span class='ocrx_word' id='word_1_152' title='bbox 1031 1812 1126 1874; x_wconf 81' lang='grc' dir='ltr'><em>Κων-</em></span> 
     </span>
     <span class='ocr_line' id='line_1_19' title="bbox 39 1887 1127 1974; baseline 0.006 -24"><span class='ocrx_word' id='word_1_153' title='bbox 39 1889 338 1972; x_wconf 81' lang='grc' dir='ltr'><strong><em>σιαντινουπόλευις,</em></strong></span> <span class='ocrx_word' id='word_1_154' title='bbox 357 1915 411 1956; x_wconf 84' lang='grc' dir='ltr'><strong><em>και</em></strong></span> <span class='ocrx_word' id='word_1_155' title='bbox 442 1891 581 1972; x_wconf 75' lang='grc' dir='ltr'><strong><em>μάλιστα</em></strong></span> <span class='ocrx_word' id='word_1_156' title='bbox 604 1890 624 1973; x_wconf 81' lang='grc' dir='ltr'><em>ἦ</em></span> <span class='ocrx_word' id='word_1_157' title='bbox 651 1892 686 1956; x_wconf 77' lang='grc' dir='ltr'>ἐν</span> <span class='ocrx_word' id='word_1_158' title='bbox 709 1887 897 1974; x_wconf 76' lang='grc' dir='ltr'>Καλχηδόνι</span> <span class='ocrx_word' id='word_1_159' title='bbox 925 1893 1058 1966; x_wconf 79' lang='grc' dir='ltr'>σύνοδος</span> <span class='ocrx_word' id='word_1_160' title='bbox 1080 1895 1127 1970; x_wconf 75' lang='grc' dir='ltr'>εἰς</span> 
     </span>
     <span class='ocr_line' id='line_1_20' title="bbox 38 1969 1125 2078; baseline 0.006 -47"><span class='ocrx_word' id='word_1_161' title='bbox 38 1973 197 2078; x_wconf 72' lang='grc' dir='ltr'>περιωπην</span> <span class='ocrx_word' id='word_1_162' title='bbox 214 1975 394 2059; x_wconf 77' lang='grc' dir='ltr'><em>πρωτίστην</em></span> <span class='ocrx_word' id='word_1_163' title='bbox 405 1969 461 2038; x_wconf 87' lang='grc' dir='ltr'>τόν</span> <span class='ocrx_word' id='word_1_164' title='bbox 479 1976 846 2049; x_wconf 80' lang='grc' dir='ltr'><strong><em>Κωνσσαντινουπόλεως</em></strong></span> <span class='ocrx_word' id='word_1_165' title='bbox 862 1975 1125 2060; x_wconf 76' lang='grc' dir='ltr'><strong><em>α’ναβιβασαμὲνη</em></strong></span> 
     </span>
     <span class='ocr_line' id='line_1_21' title="bbox 37 2049 1127 2142; baseline 0.006 -26"><span class='ocrx_word' id='word_1_166' title='bbox 37 2053 89 2128; x_wconf 76' lang='grc' dir='ltr'>σός</span> <span class='ocrx_word' id='word_1_167' title='bbox 110 2058 172 2122; x_wconf 86' lang='grc' dir='ltr'><strong><em>α’να</em></strong></span> <span class='ocrx_word' id='word_1_168' title='bbox 187 2055 248 2141; x_wconf 80' lang='grc' dir='ltr'>τὴν</span> <span class='ocrx_word' id='word_1_169' title='bbox 270 2056 454 2140; x_wconf 73' lang='grc' dir='ltr'>οἰκουμένην</span> <span class='ocrx_word' id='word_1_170' title='bbox 472 2050 640 2138; x_wconf 75' lang='grc' dir='ltr'><strong><em>διοικήσεις</em></strong></span> <span class='ocrx_word' id='word_1_171' title='bbox 658 2049 784 2132; x_wconf 69' lang='lat' dir='ltr'>dacione</span> <span class='ocrx_word' id='word_1_172' title='bbox 804 2053 866 2120; x_wconf 84' lang='grc' dir='ltr'>Ιόπό</span> <span class='ocrx_word' id='word_1_173' title='bbox 890 2060 1003 2124; x_wconf 83' lang='grc' dir='ltr'><strong><em>τοῦτον</em></strong></span> <span class='ocrx_word' id='word_1_174' title='bbox 1020 2055 1127 2142; x_wconf 73' lang='grc' dir='ltr'>ἐποίη-</span> 
     </span>
     <span class='ocr_line' id='line_1_22' title="bbox 38 2141 1127 2218; baseline 0.007 -20"><span class='ocrx_word' id='word_1_175' title='bbox 38 2159 98 2200; x_wconf 83' lang='grc' dir='ltr'><strong><em>σιν.</em></strong></span> <span class='ocrx_word' id='word_1_176' title='bbox 142 2145 231 2206; x_wconf 87' lang='lat' dir='ltr'>Haeo</span> <span class='ocrx_word' id='word_1_177' title='bbox 251 2142 354 2214; x_wconf 83' lang='lat' dir='ltr'>Aona,</span> <span class='ocrx_word' id='word_1_178' title='bbox 379 2142 428 2204; x_wconf 86' lang='lat' dir='ltr'>vel</span> <span class='ocrx_word' id='word_1_179' title='bbox 449 2141 668 2218; x_wconf 87' lang='lat' dir='ltr'>schismaticus,</span> <span class='ocrx_word' id='word_1_180' title='bbox 693 2144 743 2202; x_wconf 87' lang='lat' dir='ltr'>cui</span> <span class='ocrx_word' id='word_1_181' title='bbox 764 2145 855 2204; x_wconf 83' lang='lat' dir='ltr'>Anna</span> <span class='ocrx_word' id='word_1_182' title='bbox 879 2143 1049 2206; x_wconf 80' lang='lat' dir='ltr'>Caesarisse</span> <span class='ocrx_word' id='word_1_183' title='bbox 1069 2165 1127 2206; x_wconf 84' lang='lat' dir='ltr'>no·</span> 
     </span>
     <span class='ocr_line' id='line_1_23' title="bbox 37 2223 1127 2309; baseline 0.006 -27"><span class='ocrx_word' id='word_1_184' title='bbox 37 2241 211 2288; x_wconf 86' lang='lat' dir='ltr'>mensuum</span> <span class='ocrx_word' id='word_1_185' title='bbox 233 2228 415 2307; x_wconf 79' lang='lat' dir='ltr'>supposuitr</span> <span class='ocrx_word' id='word_1_186' title='bbox 438 2247 516 2309; x_wconf 85' lang='lat' dir='ltr'>quae</span> <span class='ocrx_word' id='word_1_187' title='bbox 537 2225 630 2288; x_wconf 87' lang='lat' dir='ltr'>verba</span> <span class='ocrx_word' id='word_1_188' title='bbox 650 2224 772 2288; x_wconf 87' lang='lat' dir='ltr'>adducit</span> <span class='ocrx_word' id='word_1_189' title='bbox 795 2223 936 2308; x_wconf 84' lang='lat' dir='ltr'>Illyricos</span> <span class='ocrx_word' id='word_1_190' title='bbox 955 2229 989 2288; x_wconf 91' lang='lat' dir='ltr'>in</span> <span class='ocrx_word' id='word_1_191' title='bbox 1011 2225 1127 2288; x_wconf 71' lang='lat' dir='ltr'>camlu-</span> 
     </span>
     <span class='ocr_line' id='line_1_24' title="bbox 37 2309 1127 2392; baseline 0.003 -24"><span class='ocrx_word' id='word_1_192' title='bbox 37 2325 71 2386; x_wconf 83' lang='lat' dir='ltr'>go</span> <span class='ocrx_word' id='word_1_193' title='bbox 90 2313 216 2372; x_wconf 86' lang='lat' dir='ltr'>testium</span> <span class='ocrx_word' id='word_1_194' title='bbox 236 2309 376 2388; x_wconf 82' lang='lat' dir='ltr'>feritatis,</span> <span class='ocrx_word' id='word_1_195' title='bbox 394 2320 425 2372; x_wconf 91' lang='lat' dir='ltr'>et</span> <span class='ocrx_word' id='word_1_196' title='bbox 443 2320 549 2372; x_wconf 85' lang='lat' dir='ltr'>auctor</span> <span class='ocrx_word' id='word_1_197' title='bbox 569 2309 816 2392; x_wconf 85' lang='lat' dir='ltr'>Turcograeciae,</span> <span class='ocrx_word' id='word_1_198' title='bbox 837 2311 891 2392; x_wconf 89' lang='lat' dir='ltr'>qui</span> <span class='ocrx_word' id='word_1_199' title='bbox 911 2309 1020 2372; x_wconf 87' lang='lat' dir='ltr'>Annae</span> <span class='ocrx_word' id='word_1_200' title='bbox 1041 2309 1127 2371; x_wconf 84' lang='lat' dir='ltr'>codi-</span> 
     </span>
     <span class='ocr_line' id='line_1_25' title="bbox 37 2391 1126 2477; baseline 0.006 -29"><span class='ocrx_word' id='word_1_201' title='bbox 37 2411 98 2453; x_wconf 86' lang='lat' dir='ltr'>cem</span> <span class='ocrx_word' id='word_1_202' title='bbox 119 2415 154 2455; x_wconf 87' lang='lat' dir='ltr'>ex</span> <span class='ocrx_word' id='word_1_203' title='bbox 174 2392 363 2456; x_wconf 74' lang='lat' dir='ltr'>bibliotheca</span> <span class='ocrx_word' id='word_1_204' title='bbox 384 2394 566 2477; x_wconf 76' lang='lat' dir='ltr'>Augimtana</span> <span class='ocrx_word' id='word_1_205' title='bbox 596 2403 703 2455; x_wconf 85' lang='lat' dir='ltr'>nactus</span> <span class='ocrx_word' id='word_1_206' title='bbox 729 2391 870 2456; x_wconf 81' lang='lat' dir='ltr'>videtur:</span> <span class='ocrx_word' id='word_1_207' title='bbox 906 2413 984 2474; x_wconf 88' lang='lat' dir='ltr'>quos</span> <span class='ocrx_word' id='word_1_208' title='bbox 1012 2391 1126 2456; x_wconf 84' lang='lat' dir='ltr'>talibus</span> 
     </span>
     <span class='ocr_line' id='line_1_26' title="bbox 37 2473 1127 2558; baseline 0.006 -26"><span class='ocrx_word' id='word_1_209' title='bbox 37 2476 195 2540; x_wconf 86' lang='lat' dir='ltr'>mendaciis</span> <span class='ocrx_word' id='word_1_210' title='bbox 216 2487 248 2538; x_wconf 92' lang='lat' dir='ltr'>et</span> <span class='ocrx_word' id='word_1_211' title='bbox 267 2478 424 2558; x_wconf 84' lang='lat' dir='ltr'>imperitiis</span> <span class='ocrx_word' id='word_1_212' title='bbox 436 2479 468 2538; x_wconf 92' lang='lat' dir='ltr'>iu</span> <span class='ocrx_word' id='word_1_213' title='bbox 483 2475 658 2538; x_wconf 75' lang='lat' dir='ltr'>cathedram</span> <span class='ocrx_word' id='word_1_214' title='bbox 676 2475 762 2538; x_wconf 90' lang='lat' dir='ltr'>Petri</span> <span class='ocrx_word' id='word_1_215' title='bbox 785 2473 959 2557; x_wconf 85' lang='lat' dir='ltr'>Christique</span> <span class='ocrx_word' id='word_1_216' title='bbox 978 2477 1127 2538; x_wconf 85' lang='lat' dir='ltr'>vicarium</span> 
     </span>
     <span class='ocr_line' id='line_1_27' title="bbox 36 2554 1127 2644; baseline 0.004 -28"><span class='ocrx_word' id='word_1_217' title='bbox 36 2554 197 2644; x_wconf 80' lang='lat' dir='ltr'>insurgere,</span> <span class='ocrx_word' id='word_1_218' title='bbox 219 2558 264 2621; x_wconf 86' lang='lat' dir='ltr'>nil</span> <span class='ocrx_word' id='word_1_219' title='bbox 284 2562 417 2622; x_wconf 78' lang='lat' dir='ltr'>mirum:</span> <span class='ocrx_word' id='word_1_220' title='bbox 438 2559 587 2621; x_wconf 83' lang='lat' dir='ltr'>validiora</span> <span class='ocrx_word' id='word_1_221' title='bbox 608 2561 689 2620; x_wconf 89' lang='lat' dir='ltr'>enim</span> <span class='ocrx_word' id='word_1_222' title='bbox 709 2579 794 2619; x_wconf 82' lang='lat' dir='ltr'>arata</span> <span class='ocrx_word' id='word_1_223' title='bbox 814 2579 876 2618; x_wconf 89' lang='lat' dir='ltr'>non</span> <span class='ocrx_word' id='word_1_224' title='bbox 896 2558 990 2618; x_wconf 87' lang='lat' dir='ltr'>babet</span> <span class='ocrx_word' id='word_1_225' title='bbox 1002 2557 1127 2638; x_wconf 87' lang='lat' dir='ltr'>salsitas,</span> 
     </span>
     <span class='ocr_line' id='line_1_28' title="bbox 37 2641 1127 2722; baseline 0.004 -23"><span class='ocrx_word' id='word_1_226' title='bbox 37 2661 122 2720; x_wconf 87' lang='lat' dir='ltr'>quam</span> <span class='ocrx_word' id='word_1_227' title='bbox 143 2645 303 2706; x_wconf 87' lang='lat' dir='ltr'>mendacia</span> <span class='ocrx_word' id='word_1_228' title='bbox 325 2653 356 2704; x_wconf 88' lang='lat' dir='ltr'>et</span> <span class='ocrx_word' id='word_1_229' title='bbox 378 2644 537 2720; x_wconf 80' lang='lat' dir='ltr'>inscitiam.</span> <span class='ocrx_word' id='word_1_230' title='bbox 558 2641 641 2718; x_wconf 89' lang='lat' dir='ltr'>Quid</span> <span class='ocrx_word' id='word_1_231' title='bbox 657 2641 838 2721; x_wconf 87' lang='lat' dir='ltr'>imperitius,</span> <span class='ocrx_word' id='word_1_232' title='bbox 852 2661 944 2722; x_wconf 89' lang='lat' dir='ltr'>quam</span> <span class='ocrx_word' id='word_1_233' title='bbox 957 2641 1127 2703; x_wconf 86' lang='lat' dir='ltr'>existimare</span> 
     </span>
     <span class='ocr_line' id='line_1_29' title="bbox 37 2723 1127 2806; baseline 0.001 -24"><span class='ocrx_word' id='word_1_234' title='bbox 37 2727 195 2803; x_wconf 85' lang='lat' dir='ltr'>primatum</span> <span class='ocrx_word' id='word_1_235' title='bbox 211 2724 429 2788; x_wconf 85' lang='lat' dir='ltr'>ecclesiasticae</span> <span class='ocrx_word' id='word_1_236' title='bbox 442 2725 630 2786; x_wconf 86' lang='lat' dir='ltr'>hierarchiae</span> <span class='ocrx_word' id='word_1_237' title='bbox 643 2724 776 2806; x_wconf 88' lang='lat' dir='ltr'>pendere</span> <span class='ocrx_word' id='word_1_238' title='bbox 785 2724 825 2784; x_wconf 89' lang='lat' dir='ltr'>ab</span> <span class='ocrx_word' id='word_1_239' title='bbox 839 2726 1029 2806; x_wconf 87' lang='lat' dir='ltr'>imperatoris</span> <span class='ocrx_word' id='word_1_240' title='bbox 1042 2723 1127 2784; x_wconf 89' lang='lat' dir='ltr'>arbi·</span> 
     </span>
     <span class='ocr_line' id='line_1_30' title="bbox 36 2807 1127 2891; baseline 0.003 -25"><span class='ocrx_word' id='word_1_241' title='bbox 36 2809 91 2868; x_wconf 91' lang='lat' dir='ltr'>trio</span> <span class='ocrx_word' id='word_1_242' title='bbox 103 2823 133 2872; x_wconf 87' lang='lat' dir='ltr'>et</span> <span class='ocrx_word' id='word_1_243' title='bbox 147 2833 167 2874; x_wconf 85' lang='lat' dir='ltr'>a</span> <span class='ocrx_word' id='word_1_244' title='bbox 190 2811 252 2874; x_wconf 91' lang='lat' dir='ltr'>loci</span> <span class='ocrx_word' id='word_1_245' title='bbox 268 2809 414 2891; x_wconf 89' lang='lat' dir='ltr'>urbisque</span> <span class='ocrx_word' id='word_1_246' title='bbox 426 2807 625 2890; x_wconf 86' lang='lat' dir='ltr'>amplitudine</span> <span class='ocrx_word' id='word_1_247' title='bbox 644 2819 675 2868; x_wconf 89' lang='lat' dir='ltr'>ct</span> <span class='ocrx_word' id='word_1_248' title='bbox 688 2809 865 2868; x_wconf 80' lang='lat' dir='ltr'>maiestate?</span> <span class='ocrx_word' id='word_1_249' title='bbox 900 2807 984 2886; x_wconf 88' lang='lat' dir='ltr'>Quid</span> <span class='ocrx_word' id='word_1_250' title='bbox 999 2807 1127 2869; x_wconf 84' lang='lat' dir='ltr'>menda·</span> 
     </span>
     <span class='ocr_line' id='line_1_31' title="bbox 35 2890 1127 2977; baseline 0.004 -29"><span class='ocrx_word' id='word_1_251' title='bbox 35 2891 105 2968; x_wconf 78' lang='lat' dir='ltr'>cius,</span> <span class='ocrx_word' id='word_1_252' title='bbox 120 2916 218 2977; x_wconf 87' lang='lat' dir='ltr'>quam</span> <span class='ocrx_word' id='word_1_253' title='bbox 229 2894 424 2973; x_wconf 83' lang='lat' dir='ltr'>imperatores</span> <span class='ocrx_word' id='word_1_254' title='bbox 438 2892 669 2954; x_wconf 84' lang='lat' dir='ltr'>Constantinum</span> <span class='ocrx_word' id='word_1_255' title='bbox 681 2913 825 2975; x_wconf 88' lang='lat' dir='ltr'>magnum</span> <span class='ocrx_word' id='word_1_256' title='bbox 840 2890 1048 2974; x_wconf 86' lang='lat' dir='ltr'>aliosque,qui</span> <span class='ocrx_word' id='word_1_257' title='bbox 1061 2912 1127 2952; x_wconf 85' lang='lat' dir='ltr'>sce·</span> 
     </span>
     <span class='ocr_line' id='line_1_32' title="bbox 38 2973 1128 3060; baseline 0.004 -26"><span class='ocrx_word' id='word_1_258' title='bbox 38 2985 99 3053; x_wconf 78' lang='lat' dir='ltr'>pira</span> <span class='ocrx_word' id='word_1_259' title='bbox 111 2981 202 3060; x_wconf 86' lang='lat' dir='ltr'>potiti</span> <span class='ocrx_word' id='word_1_260' title='bbox 219 2987 292 3038; x_wconf 84' lang='lat' dir='ltr'>sunt</span> <span class='ocrx_word' id='word_1_261' title='bbox 304 2996 402 3060; x_wconf 88' lang='lat' dir='ltr'>usque</span> <span class='ocrx_word' id='word_1_262' title='bbox 413 2978 453 3038; x_wconf 93' lang='lat' dir='ltr'>ad</span> <span class='ocrx_word' id='word_1_263' title='bbox 463 2985 600 3038; x_wconf 86' lang='lat' dir='ltr'>exortum</span> <span class='ocrx_word' id='word_1_264' title='bbox 609 2973 747 3052; x_wconf 88' lang='lat' dir='ltr'>schisma,</span> <span class='ocrx_word' id='word_1_265' title='bbox 761 2973 1128 3056; x_wconf 84' lang='lat' dir='ltr'>Constantinopolitanam</span> 
     </span>
     <span class='ocr_line' id='line_1_33' title="bbox 35 3055 1128 3142; baseline 0.002 -24"><span class='ocrx_word' id='word_1_266' title='bbox 35 3059 189 3126; x_wconf 80' lang='lat' dir='ltr'>eeclesiam</span> <span class='ocrx_word' id='word_1_267' title='bbox 200 3063 389 3142; x_wconf 84' lang='lat' dir='ltr'>superiorem</span> <span class='ocrx_word' id='word_1_268' title='bbox 402 3058 707 3122; x_wconf 85' lang='lat' dir='ltr'>fecisseRomanavel</span> <span class='ocrx_word' id='word_1_269' title='bbox 717 3061 809 3119; x_wconf 90' lang='lat' dir='ltr'>etiam</span> <span class='ocrx_word' id='word_1_270' title='bbox 823 3061 950 3140; x_wconf 83' lang='lat' dir='ltr'>parem?</span> <span class='ocrx_word' id='word_1_271' title='bbox 965 3055 1025 3120; x_wconf 88' lang='lat' dir='ltr'>Vel</span> <span class='ocrx_word' id='word_1_272' title='bbox 1035 3059 1128 3120; x_wconf 88' lang='lat' dir='ltr'>unica</span> 
     </span>
     <span class='ocr_line' id='line_1_34' title="bbox 35 3137 1128 3224; baseline 0.007 -26"><span class='ocrx_word' id='word_1_273' title='bbox 35 3137 189 3207; x_wconf 85' lang='lat' dir='ltr'>lastiniani</span> <span class='ocrx_word' id='word_1_274' title='bbox 222 3144 346 3206; x_wconf 82' lang='lat' dir='ltr'>Novella</span> <span class='ocrx_word' id='word_1_275' title='bbox 369 3145 409 3206; x_wconf 90' lang='lat' dir='ltr'>de</span> <span class='ocrx_word' id='word_1_276' title='bbox 428 3142 603 3208; x_wconf 85' lang='lat' dir='ltr'>Ecclesiast.</span> <span class='ocrx_word' id='word_1_277' title='bbox 627 3143 674 3206; x_wconf 69' lang='lat' dir='ltr'>tit,</span> <span class='ocrx_word' id='word_1_278' title='bbox 706 3149 737 3203; x_wconf 89' lang='lat' dir='ltr'>et</span> <span class='ocrx_word' id='word_1_279' title='bbox 765 3141 903 3224; x_wconf 75' lang='lat' dir='ltr'>privileg.</span> <span class='ocrx_word' id='word_1_280' title='bbox 934 3140 1128 3206; x_wconf 84' lang='lat' dir='ltr'>mendacium</span> 
     </span>
     <span class='ocr_line' id='line_1_35' title="bbox 34 3221 1128 3310; baseline 0.004 -25"><span class='ocrx_word' id='word_1_281' title='bbox 34 3221 88 3285; x_wconf 89' lang='lat' dir='ltr'>boc</span> <span class='ocrx_word' id='word_1_282' title='bbox 108 3231 268 3290; x_wconf 87' lang='lat' dir='ltr'>evidenter</span> <span class='ocrx_word' id='word_1_283' title='bbox 290 3231 443 3309; x_wconf 81' lang='lat' dir='ltr'>coarguit,</span> <span class='ocrx_word' id='word_1_284' title='bbox 477 3227 532 3290; x_wconf 92' lang='lat' dir='ltr'>ubi</span> <span class='ocrx_word' id='word_1_285' title='bbox 553 3230 669 3310; x_wconf 87' lang='lat' dir='ltr'>primae</span> <span class='ocrx_word' id='word_1_286' title='bbox 690 3225 867 3288; x_wconf 85' lang='lat' dir='ltr'>deferuntur</span> <span class='ocrx_word' id='word_1_287' title='bbox 888 3225 1026 3287; x_wconf 88' lang='lat' dir='ltr'>Romano</span> <span class='ocrx_word' id='word_1_288' title='bbox 1047 3245 1128 3308; x_wconf 87' lang='lat' dir='ltr'>poo-</span> 
     </span>
     <span class='ocr_line' id='line_1_36' title="bbox 32 3307 1129 3393; baseline 0.006 -26"><span class='ocrx_word' id='word_1_289' title='bbox 32 3308 117 3388; x_wconf 88' lang='lat' dir='ltr'>tifici,</span> <span class='ocrx_word' id='word_1_290' title='bbox 152 3311 305 3374; x_wconf 86' lang='lat' dir='ltr'>secundae</span> <span class='ocrx_word' id='word_1_291' title='bbox 337 3311 692 3393; x_wconf 82' lang='lat' dir='ltr'>Constantinopolitano:</span> <span class='ocrx_word' id='word_1_292' title='bbox 734 3307 895 3372; x_wconf 84' lang='lat' dir='ltr'>Sacrorum</span> <span class='ocrx_word' id='word_1_293' title='bbox 928 3310 1129 3374; x_wconf 75' lang='lat' dir='ltr'>conciliorum</span> 
     </span>
     <span class='ocr_line' id='line_1_37' title="bbox 32 3391 1126 3481; baseline -0.002 -23"><span class='ocrx_word' id='word_1_294' title='bbox 32 3391 171 3472; x_wconf 76' lang='lat' dir='ltr'>dogmata</span> <span class='ocrx_word' id='word_1_295' title='bbox 185 3395 277 3456; x_wconf 75' lang='grc' dir='ltr'>σιόιαί</span> <span class='ocrx_word' id='word_1_296' title='bbox 296 3409 410 3458; x_wconf 80' lang='lat' dir='ltr'>sanctas</span> <span class='ocrx_word' id='word_1_297' title='bbox 424 3397 587 3481; x_wconf 64' lang='lat' dir='ltr'>scriptione</span> <span class='ocrx_word' id='word_1_298' title='bbox 610 3393 794 3479; x_wconf 81' lang='lat' dir='ltr'>accipimus,</span> <span class='ocrx_word' id='word_1_299' title='bbox 824 3393 925 3476; x_wconf 89' lang='lat' dir='ltr'>inquit</span> <span class='ocrx_word' id='word_1_300' title='bbox 946 3395 1126 3478; x_wconf 90' lang='lat' dir='ltr'>imperator,</span> 
     </span>
     <span class='ocr_line' id='line_1_38' title="bbox 33 3473 1128 3575; baseline 0.005 -41"><span class='ocrx_word' id='word_1_301' title='bbox 33 3473 155 3575; x_wconf 73' lang='lat' dir='ltr'>ileopioe</span> <span class='ocrx_word' id='word_1_302' title='bbox 171 3479 326 3540; x_wconf 79' lang='grc' dir='ltr'><strong><em>ιππσίπιιιι</em></strong></span> <span class='ocrx_word' id='word_1_303' title='bbox 338 3481 494 3540; x_wconf 69' lang='lat' dir='ltr'>secumdam</span> <span class='ocrx_word' id='word_1_304' title='bbox 520 3497 629 3542; x_wconf 73' lang='lat' dir='ltr'>samm</span> <span class='ocrx_word' id='word_1_305' title='bbox 642 3479 827 3566; x_wconf 78' lang='lat' dir='ltr'>definitrbnes</span> <span class='ocrx_word' id='word_1_306' title='bbox 846 3480 1067 3540; x_wconf 68' lang='lat' dir='ltr'>sanctissimum</span> <span class='ocrx_word' id='word_1_307' title='bbox 1081 3499 1128 3540; x_wconf 82' lang='lat' dir='ltr'>ee·</span> 
     </span>
     <span class='ocr_line' id='line_1_39' title="bbox 32 3559 1128 3646; baseline 0.005 -28"><span class='ocrx_word' id='word_1_308' title='bbox 32 3559 122 3622; x_wconf 78' lang='grc' dir='ltr'><strong><em>ιαὀνιι</em></strong></span> <span class='ocrx_word' id='word_1_309' title='bbox 144 3563 260 3624; x_wconf 85' lang='lat' dir='ltr'>Romae</span> <span class='ocrx_word' id='word_1_310' title='bbox 272 3583 390 3646; x_wconf 82' lang='lat' dir='ltr'>popam</span> <span class='ocrx_word' id='word_1_311' title='bbox 402 3565 538 3645; x_wconf 84' lang='lat' dir='ltr'>primum</span> <span class='ocrx_word' id='word_1_312' title='bbox 560 3583 621 3624; x_wconf 79' lang='lat' dir='ltr'>esre</span> <span class='ocrx_word' id='word_1_313' title='bbox 651 3561 785 3626; x_wconf 84' lang='lat' dir='ltr'>omnium</span> <span class='ocrx_word' id='word_1_314' title='bbox 819 3563 1023 3622; x_wconf 69' lang='lat' dir='ltr'>sacerrimam:</span> <span class='ocrx_word' id='word_1_315' title='bbox 1056 3559 1128 3623; x_wconf 84' lang='lat' dir='ltr'>bea·</span> 
     </span>
     <span class='ocr_line' id='line_1_40' title="bbox 31 3643 1128 3730; baseline 0.002 -28"><span class='ocrx_word' id='word_1_316' title='bbox 31 3643 176 3706; x_wconf 66' lang='grc' dir='ltr'><strong><em>λιζισίιπιιαι</em></strong></span> <span class='ocrx_word' id='word_1_317' title='bbox 195 3659 297 3706; x_wconf 82' lang='lat' dir='ltr'>autem</span> <span class='ocrx_word' id='word_1_318' title='bbox 316 3646 608 3730; x_wconf 70' lang='lat' dir='ltr'>Caratantinopoleos</span> <span class='ocrx_word' id='word_1_319' title='bbox 632 3665 729 3708; x_wconf 73' lang='grc' dir='ltr'><strong><em>πονοι</em></strong></span> <span class='ocrx_word' id='word_1_320' title='bbox 754 3647 872 3706; x_wconf 84' lang='lat' dir='ltr'>Iiomae</span> <span class='ocrx_word' id='word_1_321' title='bbox 891 3645 1051 3706; x_wconf 78' lang='lat' dir='ltr'>securidum</span> <span class='ocrx_word' id='word_1_322' title='bbox 1070 3646 1128 3704; x_wconf 80' lang='lat' dir='ltr'>liu·</span> 
     </span>
     <span class='ocr_line' id='line_1_41' title="bbox 32 3722 1127 3813; baseline 0.002 -27"><span class='ocrx_word' id='word_1_323' title='bbox 32 3722 96 3786; x_wconf 78' lang='lat' dir='ltr'>bem</span> <span class='ocrx_word' id='word_1_324' title='bbox 120 3729 220 3790; x_wconf 79' lang='grc' dir='ltr'><strong><em>Ιοσιιιιι</em></strong></span> <span class='ocrx_word' id='word_1_325' title='bbox 290 3740 317 3788; x_wconf 88' lang='lat' dir='ltr'>st</span> <span class='ocrx_word' id='word_1_326' title='bbox 340 3743 476 3792; x_wconf 81' lang='grc' dir='ltr'><strong><em>ιαπυιαιπ</em></strong></span> <span class='ocrx_word' id='word_1_327' title='bbox 503 3728 701 3813; x_wconf 81' lang='lat' dir='ltr'>apostolicam</span> <span class='ocrx_word' id='word_1_328' title='bbox 721 3730 851 3790; x_wconf 75' lang='lat' dir='ltr'>senioris</span> <span class='ocrx_word' id='word_1_329' title='bbox 880 3727 994 3790; x_wconf 82' lang='lat' dir='ltr'>Romae</span> <span class='ocrx_word' id='word_1_330' title='bbox 1017 3727 1127 3788; x_wconf 79' lang='lat' dir='ltr'>sedem.</span> 
     </span>
     <span class='ocr_line' id='line_1_42' title="bbox 32 3747 1130 3892; baseline 0.004 -26"><span class='ocrx_word' id='word_1_331' title='bbox 32 3803 71 3868; x_wconf 89' lang='lat' dir='ltr'>Et</span> <span class='ocrx_word' id='word_1_332' title='bbox 91 3813 123 3870; x_wconf 90' lang='lat' dir='ltr'>in</span> <span class='ocrx_word' id='word_1_333' title='bbox 143 3747 296 3884; x_wconf 60' lang='lat' dir='ltr'>Novelhao,</span> <span class='ocrx_word' id='word_1_334' title='bbox 320 3813 494 3874; x_wconf 73' lang='lat' dir='ltr'>itt-ecclesia</span> <span class='ocrx_word' id='word_1_335' title='bbox 522 3812 660 3874; x_wconf 82' lang='lat' dir='ltr'>Romana</span> <span class='ocrx_word' id='word_1_336' title='bbox 680 3825 800 3872; x_wconf 84' lang='lat' dir='ltr'>eentum</span> <span class='ocrx_word' id='word_1_337' title='bbox 820 3831 969 3872; x_wconf 84' lang='lat' dir='ltr'>annorum</span> <span class='ocrx_word' id='word_1_338' title='bbox 995 3809 1130 3892; x_wconf 82' lang='lat' dir='ltr'>gaudeat</span> 
     </span>
     <span class='ocr_line' id='line_1_43' title="bbox 29 3889 1127 3977; baseline 0.002 -25"><span class='ocrx_word' id='word_1_339' title='bbox 29 3909 133 3970; x_wconf 81' lang='lat' dir='ltr'>praese</span> <span class='ocrx_word' id='word_1_340' title='bbox 157 3897 274 3969; x_wconf 63' lang='lat' dir='ltr'>&#39;tione</span> <span class='ocrx_word' id='word_1_341' title='bbox 294 3895 337 3954; x_wconf 85' lang='lat' dir='ltr'>sic</span> <span class='ocrx_word' id='word_1_342' title='bbox 358 3892 494 3977; x_wconf 91' lang='lat' dir='ltr'>loquitur</span> <span class='ocrx_word' id='word_1_343' title='bbox 514 3897 695 3977; x_wconf 84' lang='lat' dir='ltr'>imperator:</span> <span class='ocrx_word' id='word_1_344' title='bbox 736 3889 777 3954; x_wconf 86' lang='lat' dir='ltr'>Ut</span> <span class='ocrx_word' id='word_1_345' title='bbox 790 3893 887 3976; x_wconf 77' lang='lat' dir='ltr'>legion</span> <span class='ocrx_word' id='word_1_346' title='bbox 909 3895 1054 3975; x_wconf 81' lang='lat' dir='ltr'>originem</span> <span class='ocrx_word' id='word_1_347' title='bbox 1068 3913 1127 3953; x_wconf 84' lang='grc' dir='ltr'><strong><em>σιι-</em></strong></span> 
     </span>
     <span class='ocr_line' id='line_1_44' title="bbox 30 3973 1128 4064; baseline 0.007 -32"><span class='ocrx_word' id='word_1_348' title='bbox 30 3977 120 4038; x_wconf 73' lang='lat' dir='ltr'>terim</span> <span class='ocrx_word' id='word_1_349' title='bbox 169 3999 242 4040; x_wconf 82' lang='lat' dir='ltr'>omo</span> <span class='ocrx_word' id='word_1_350' title='bbox 260 3979 364 4039; x_wconf 81' lang='lat' dir='ltr'>sortr&#39;ta</span> <span class='ocrx_word' id='word_1_351' title='bbox 377 3991 432 4055; x_wconf 81' lang='lat' dir='ltr'>est,</span> <span class='ocrx_word' id='word_1_352' title='bbox 450 3979 497 4039; x_wconf 82' lang='lat' dir='ltr'>ita</span> <span class='ocrx_word' id='word_1_353' title='bbox 518 3991 547 4038; x_wconf 85' lang='lat' dir='ltr'>et</span> <span class='ocrx_word' id='word_1_354' title='bbox 563 3979 672 4039; x_wconf 78' lang='lat' dir='ltr'>cummi</span> <span class='ocrx_word' id='word_1_355' title='bbox 689 3975 882 4064; x_wconf 73' lang='lat' dir='ltr'>ponuficaau</span> <span class='ocrx_word' id='word_1_356' title='bbox 898 3977 1014 4064; x_wconf 66' lang='lat' dir='ltr'>aprilem</span> <span class='ocrx_word' id='word_1_357' title='bbox 1038 3973 1128 4063; x_wconf 83' lang='lat' dir='ltr'>apud</span> 
     </span>
     <span class='ocr_line' id='line_1_45' title="bbox 32 4061 572 4148; baseline 0.004 -28"><span class='ocrx_word' id='word_1_358' title='bbox 32 4075 99 4120; x_wconf 79' lang='grc' dir='ltr'><strong><em>σσιιι</em></strong></span> <span class='ocrx_word' id='word_1_359' title='bbox 118 4081 192 4137; x_wconf 78' lang='lat' dir='ltr'>erse,</span> <span class='ocrx_word' id='word_1_360' title='bbox 207 4081 295 4124; x_wconf 80' lang='lat' dir='ltr'>nemo</span> <span class='ocrx_word' id='word_1_361' title='bbox 317 4074 360 4124; x_wconf 82' lang='lat' dir='ltr'>eet</span> <span class='ocrx_word' id='word_1_362' title='bbox 376 4062 431 4148; x_wconf 84' lang='lat' dir='ltr'>qui</span> <span class='ocrx_word' id='word_1_363' title='bbox 451 4061 572 4124; x_wconf 78' lang='lat' dir='ltr'>drabiten</span> 
     </span>
     <span class='ocr_line' id='line_1_46' title="bbox 112 4139 1174 4228; baseline -0.002 -23"><span class='ocrx_word' id='word_1_364' title='bbox 112 4143 323 4206; x_wconf 81' lang='lat' dir='ltr'>Falsissimum</span> <span class='ocrx_word' id='word_1_365' title='bbox 345 4165 439 4228; x_wconf 90' lang='lat' dir='ltr'>porro</span> <span class='ocrx_word' id='word_1_366' title='bbox 459 4155 518 4222; x_wconf 85' lang='lat' dir='ltr'>est,</span> <span class='ocrx_word' id='word_1_367' title='bbox 544 4142 626 4227; x_wconf 88' lang='lat' dir='ltr'>quod</span> <span class='ocrx_word' id='word_1_368' title='bbox 650 4142 739 4206; x_wconf 78' lang='lat' dir='ltr'>dona</span> <span class='ocrx_word' id='word_1_369' title='bbox 758 4141 844 4205; x_wconf 88' lang='lat' dir='ltr'>addit</span> <span class='ocrx_word' id='word_1_370' title='bbox 863 4143 902 4208; x_wconf 86' lang='lat' dir='ltr'>de</span> <span class='ocrx_word' id='word_1_371' title='bbox 922 4139 1125 4228; x_wconf 76' lang='lat' dir='ltr'>tynodoCal·</span> <span class='ocrx_word' id='word_1_372' title='bbox 1169 4153 1174 4162; x_wconf 86' lang='lat'>&#39;</span> 
     </span>
    </p>

    <p class='ocr_par' dir='ltr' id='par_1_3' title="bbox 30 4219 1121 4311">
     <span class='ocr_line' id='line_1_47' title="bbox 30 4219 1121 4311; baseline 0.001 -24"><span class='ocrx_word' id='word_1_373' title='bbox 30 4219 237 4290; x_wconf 73' lang='lat' dir='ltr'>rhedonensi:</span> <span class='ocrx_word' id='word_1_374' title='bbox 268 4228 388 4294; x_wconf 85' lang='lat' dir='ltr'>nullum</span> <span class='ocrx_word' id='word_1_375' title='bbox 412 4229 496 4304; x_wconf 77' lang='lat' dir='ltr'>enim</span> <span class='ocrx_word' id='word_1_376' title='bbox 521 4229 649 4294; x_wconf 81' lang='lat' dir='ltr'>verbum</span> <span class='ocrx_word' id='word_1_377' title='bbox 669 4231 702 4292; x_wconf 90' lang='lat' dir='ltr'>iu</span> <span class='ocrx_word' id='word_1_378' title='bbox 722 4238 787 4293; x_wconf 89' lang='lat' dir='ltr'>tota</span> <span class='ocrx_word' id='word_1_379' title='bbox 809 4225 862 4290; x_wconf 89' lang='lat' dir='ltr'>illa</span> <span class='ocrx_word' id='word_1_380' title='bbox 885 4225 1027 4311; x_wconf 80' lang='lat' dir='ltr'>synodo,</span> <span class='ocrx_word' id='word_1_381' title='bbox 1058 4247 1121 4310; x_wconf 86' lang='lat' dir='ltr'>quo</span> 
     </span>
    </p>
   </div>
   <div class='ocr_carea' id='block_1_3' title="bbox 0 0 1476 4934">
    <p class='ocr_par' dir='ltr' id='par_1_4' title="bbox 0 0 1476 4934">
     <span class='ocr_line' id='line_1_48' title="bbox 0 0 1476 4934; baseline 0 1"><span class='ocrx_word' id='word_1_382' title='bbox 0 0 1476 4934; x_wconf 95' lang='lat' dir='ltr'> </span> 
     </span>
    </p>
   </div>
  </div>
 </body>
</html>
