2944 4934
345 307 404 406 an
435 305 715 374 emarcueram
744 311 820 372 ua
852 314 905 374 tv.
1084 279 1168 368 555

81 463 164 524 meri
183 459 344 522 debuisse?
385 457 428 520 Et
447 469 550 520 tarnem
575 460 708 522 Lazarus
732 461 788 522 iste
816 461 1052 524 confirmationis
1075 464 1170 546 gratis

84 547 126 606 ad
151 543 623 626 Cantaeuzenumproliciscitur.
655 545 740 604 ldsrn
755 548 801 606 ius
821 545 1003 627 arrogabant
1024 545 1082 606 sibi
1096 547 1171 610 olim

81 649 170 710 reges
193 627 297 688 ltaliae
317 629 422 688 Ariani
448 629 480 686 in
501 647 634 688 summus
646 629 802 708 pontifices
815 629 980 708 Romanos,
1009 631 1064 712 qui
1078 629 1167 694 electi

83 733 143 774 sno
164 731 289 772 munere
311 709 396 792 fungi
411 709 587 792 nequibant,
608 711 665 772 nisi
686 714 765 796 regis
784 713 971 774 confirmatio
991 717 1171 785 coacuisset.

81 795 204 856 Verum
226 813 288 856 non
309 796 422 856 mirum
440 804 484 856 est
507 793 673 856 haereticos
694 795 826 858 Arianos
846 795 905 858 boc
933 795 1047 859 fecisse.
1089 797 1171 860 lllud

80 882 182 960 magis
203 877 399 957 mirandum,
419 880 615 960 imperatores
643 879 775 942 Graecos
796 881 922 962 impiam
944 879 1025 944 banc
1045 900 1171 942 consue·

80 963 223 1024 tudinem
244 972 314 1043 post
344 972 533 1043 receptama
558 961 666 1024 Gothis
691 963 820 1026 Romam
839 963 944 1026 multis
983 967 1071 1028 annis
1094 967 1171 1026 reti»

79 1049 204 1108 nuisse:
235 1047 268 1106 in
290 1045 375 1127 quod
397 1047 580 1128 gravissimis
600 1045 702 1108 verbis
722 1047 878 1108 invehitur
901 1057 1025 1108 mamus
1047 1049 1112 1110 Gre
1132 1067 1171 1108 o·
1215 1088 1220 1097 -

32 1163 36 1170 ·
79 1131 149 1190 rius
181 1149 308 1210 maguus
340 1131 372 1190 iu
401 1129 584 1211 expositione
611 1132 712 1212 quarti
744 1130 852 1212 psalmi
881 1131 1048 1212 poenitent.
1090 1131 1116 1192 ll
1151 1130 1172 1194 d

80 1213 176 1274 etiam
206 1211 401 1292 mirandum,
431 1218 626 1294 imperatores
658 1212 863 1276 schismaticos
882 1224 985 1294 postea
1013 1216 1045 1274 in
1066 1235 1172 1278 omues

78 1295 240 1377 episcopos
259 1293 339 1358 hauc
361 1296 514 1358 licentiam
539 1295 595 1358 sibi
616 1299 790 1378 sumpsisse,
809 1301 896 1379 quasi
916 1317 1052 1379 unquam
1072 1300 1173 1360 visum

80 1379 263 1444 auditumve
292 1382 352 1456 sit,
380 1391 416 1440 ut
441 1382 507 1443 ovis
534 1391 685 1463 pastorem
708 1382 871 1444 confirmet
901 1393 993 1463 atque
1011 1381 1172 1464 approbet,

77 1465 128 1523 ita
151 1475 187 1528 ut
208 1483 328 1544 pascere
348 1485 410 1525 non
431 1463 542 1542 valeat,
565 1465 624 1526 uisi
645 1467 824 1548 praecipuae
845 1467 912 1527 orb
930 1464 1064 1526 calculus
1084 1485 1172 1526 acces

78 1545 148 1608 dat.
192 1547 273 1608 Vide
293 1545 529 1610 illustrissimum
552 1549 716 1609 Beronium
735 1561 810 1610 torn.
833 1547 865 1611 8.
886 1550 955 1616 init.
978 1549 1094 1628 statim,
1118 1547 1173 1610 ubi

77 1628 172 1713 plura
193 1628 233 1692 de
252 1631 311 1692 hac
330 1632 509 1714 indignitate
528 1632 641 1697 scribit.

167 1714 291 1791 Quanto
311 1714 419 1778 melius
443 1715 639 1778 consuluisset
663 1714 893 1777 Cautacuaenus
920 1725 952 1776 et
980 1713 1090 1776 sibiet
1111 1712 1172 1774 La·

78 1816 155 1858 zaro
175 1817 231 1856 sno
253 1808 283 1860 et
303 1798 445 1860 omnibus
468 1801 615 1881 episcopis
637 1797 778 1876 Graecis,
801 1801 826 1860 si
851 1797 957 1880 (quod
978 1807 1082 1880 postea
1101 1796 1173 1858 lecit

78 1881 262 1942 Gennadius
286 1881 474 1964 patriarcba)
506 1881 554 1943 bis
581 1881 684 1944 verbis
713 1883 844 1944 Graecos
875 1882 914 1944 ad
934 1881 1071 1942 studium
1091 1881 1174 1962 pacis

78 1972 114 2024 et
135 1964 270 2026 cantatis
297 1965 473 2026 cohortatus
496 1965 617 2026 suisset:
661 1963 853 2028 Accedamus
873 1988 964 2028 verne
991 1965 1174 2026 Clarissimo-

79 2067 153 2106 rum
183 2049 306 2122 ursioni,
341 2070 533 2130 agnoscamus
548 2063 675 2132 peccata
699 2061 823 2123 anostra,
852 2071 889 2110 ne
913 2051 1030 2133 peiores
1048 2046 1175 2108 Iudaeis

78 2128 264 2208 evadamru,
284 2151 360 2192 neue
367 2133 467 2212 salsa
486 2135 635 2208 suasione,
659 2132 786 2192 malitia
811 2143 842 2192 et
866 2131 1110 2216 praesumptione
1130 2131 1174 2190 ita

76 2234 168 2274 aures
190 2215 395 2292 obstmranrra,
424 2229 457 2276 ut
476 2237 532 2276 nec
551 2217 739 2289 audiamus,
771 2235 826 2276 nec
848 2216 1065 2297 intelligamus.
1106 2213 1173 2274 Au»

75 2296 199 2358 dianurr
221 2299 370 2360 Christum
397 2300 581 2362 eluctantem
604 2299 772 2384 apostolis:
818 2299 958 2382 Quiane
988 2297 1093 2374 atrdr't,
1125 2318 1174 2358 me

76 2380 183 2440 audit.-
212 2395 242 2442 et
263 2382 320 2467 qui
341 2404 397 2444 uos
418 2385 548 2469 spernit,
577 2405 626 2446 me
644 2385 773 2467 spernit:
804 2383 858 2465 qrrr’
878 2403 951 2444 uero
976 2403 1022 2442 me
1042 2381 1169 2463 spernit,

75 2465 193 2546 spenu’t
218 2485 307 2538 erim,
340 2469 394 2550 qui
416 2469 498 2528 misit
513 2489 572 2528 me.
618 2466 698 2527 Vere
720 2486 790 2546 ergo
807 2467 875 2524 licet
893 2465 1013 2541 debere,
1056 2465 1090 2524 ui
1132 2481 1172 2522 a·

70 2567 152 2630 pam
177 2549 274 2624 ardu,
299 2549 464 2611 Dominum
482 2551 582 2624 cndu,
626 2553 659 2610 ui
675 2571 748 2609 vero
759 2567 879 2631 papam
897 2569 957 2608 nou
978 2567 1001 2607 α
1043 2550 1078 2623 it,
1100 2485 1171 2608 Zo-

75 2630 192 2692 minum
213 2653 274 2694 non
293 2633 400 2694 audit:
431 2633 484 2719 qui
504 2653 579 2694 uero
628 2633 763 2692 antinum
792 2651 852 2690 non
874 2631 981 2706 audit,
1006 2629 1097 2690 arrdit
1118 2651 1171 2688 cat·

69 2714 178 2798 priuos
195 2728 225 2776 et
241 2716 355 2796 gladiis
370 2717 574 2794 comminutos,
588 2714 647 2776 hoe
668 2725 722 2790 est,
750 2714 902 2774 laaizaros
922 2724 953 2774 et
967 2715 1090 2786 Bassas3
1111 2711 1169 2774 bos

79 2797 163 2856 euim
186 2798 362 2860 Gennadius
387 2796 547 2878 intelligit,
581 2799 653 2881 quia
680 2809 711 2858 et
731 2818 765 2856 ex
787 2797 916 2878 captivis
936 2806 1028 2873 sttnt,
1058 2806 1089 2856 et
1108 2797 1170 2856 cit»

73 2881 212 2942 cumcisi.
253 2883 373 2943 Canere
395 2893 521 2964 possunt
551 2883 660 2942 Gracci
689 2901 760 2940 cum
784 2881 935 2941 Hieremia
965 2879 1109 2940 threnum
1130 2878 1169 2940 il-

74 2963 167 3026 lum:
198 2963 290 3026 Servi
308 2967 462 3028 marenae·
478 2979 545 3028 surrt
560 2966 666 3044 nostri,
691 2985 752 3026 non
766 2965 847 3048 sctit,
871 2965 927 3049 qui
949 2963 1109 3024 redrbreret
1129 2963 1170 3024 de

72 3065 173 3109 marus
186 3067 298 3116 eorrmt.
320 3071 459 3112 cursen.

140 3129 283 3216 Pag·9a,
316 3179 323 3195 .
347 3133 548 3196 Galataei
567 3132 762 3213 optionem
783 3133 866 3193 illi
887 3132 1085 3211 integram
1109 3151 1168 3189 re-

70 3215 87 3276 l
94 3214 111 3274 i
116 3235 218 3298 nquu
228 3231 274 3278 nt.
294 3155 351 3278 lte
366 3229 397 3279 et
410 3217 546 3300 religiose
557 3215 705 3288 Galatam,
720 3219 775 3299 qui
784 3218 933 3276 Lazarum
947 3216 1040 3274 istum
1054 3211 1168 3276 ulceri·-

70 3299 133 3360 bus
148 3295 280 3360 obsitum
292 3323 450 3384 persanare
461 3301 640 3364 studebant:
659 3299 849 3362 schismatica
862 3309 893 3360 et
904 3299 1087 3380 pertinaciae
1100 3317 1168 3358 con·

70 3381 231 3444 venienter
244 3381 392 3462 Lazarus,
403 3387 455 3466 qui
472 3387 603 3446 medicos
615 3384 768 3446 obstinato
783 3383 886 3445 animo
899 3382 1015 3464 respuit
1030 3425 1039 3456 ‚
1058 3383 1089 3440 in
1105 3402 1167 3462 qna

69 3467 183 3528 mentis
196 3467 400 3530 obstinatione
420 3471 463 3530 ita
484 3468 632 3530 excellunt
652 3467 813 3530 orientales
827 3467 1023 3542 schismatici,
1044 3476 1080 3525 ut
1095 3486 1167 3524 cum

69 3552 185 3610 amnis
194 3554 328 3614 sectariis
339 3552 378 3614 de
387 3553 571 3634 pertinaciae
578 3551 680 3634 palma
693 3563 808 3614 certare
820 3562 945 3633 queant,
959 3570 1020 3610 non
1033 3549 1097 3609 sinc
1112 3568 1168 3627 spe

69 3633 230 3695 victoriae.
241 3635 327 3698 Adeo
337 3636 440 3697 srotffi
448 3649 525 3713 sunt,
540 3638 638 3716 inquit
651 3636 826 3698 Gennadius
840 3633 1167 3717 patriarcbaConstau·

68 3717 303 3797 tinopolitanns,
320 3733 466 3802 utapeme
479 3719 601 3780 Latinos
619 3721 782 3780 haereticos
798 3741 858 3780 esse
883 3719 991 3780 decant
1009 3728 1039 3776 et
1045 3733 1166 3798 papam

64 3814 198 3886 praeter·
215 3815 325 3863 ceteros
346 3823 458 3866 omnes.
478 3801 564 3862 Hinc
586 3803 727 3862 unionem
747 3803 902 3882 refirgitrs,
924 3803 967 3860 ait
989 3796 1166 3858 Genuadius
1203 3875 1205 3883 Ι

70 3881 233 3966 alloquens
255 3885 399 3964 Graecos,
421 3907 515 3968 neque
525 3903 631 3968 papae
655 3885 836 3946 memoriam
852 3883 962 3946 audire
968 3926 981 3955 ,
999 3899 1093 3965 ireque
1112 3881 1167 3964 qui

69 3970 212 4030 mucium
229 3991 272 4032 ea
291 3970 397 4030 mseras
413 3968 619 4030 sacerdotibus
633 3967 866 4050 amplectuntur,
886 3967 993 4028 villere
1005 3964 1167 4042 sustinetis,

68 4071 164 4135 neqrre
177 4053 233 4137 qui
253 4073 320 4114 eran
341 4052 415 4136 ipsa
433 4051 658 4114 communicant.
675 4050 811 4127 ommno,
828 4071 885 4134 pac
907 4049 1083 4110 Christianis
1106 4048 1166 4108 ba·

68 4135 155 4208 betis,
180 4137 346 4218 etsifhrte
360 4134 523 4216 eontirrgit,
553 4147 587 4196 ut
612 4134 646 4194 in
662 4133 789 4217 altipuod
805 4135 981 4206 incurratis,
1006 4130 1090 4218 quod
1112 4149 1167 4191 nor

63 4237 171 4302 papae
190 4220 452 4304 commonefaciat,
477 4237 588 4302 panem
606 4217 766 4334 obteram
784 4239 844 4282 non
868 4217 1020 4302 caespitis,
1043 4215 1167 4294 sedJis·
