<?xml version="1.0" encoding="UTF-8"?>
<!DOCTYPE html PUBLIC "-//W3C//DTD XHTML 1.0 Transitional//EN"
    "http://www.w3.org/TR/xhtml1/DTD/xhtml1-transitional.dtd">
<html xmlns="http://www.w3.org/1999/xhtml" xml:lang="en" lang="en">
 <head>
  <title>
</title>
<meta http-equiv="Content-Type" content="text/html;charset=utf-8" />
  <meta name='ocr-system' content='tesseract 3.04.00' />
  <meta name='ocr-capabilities' content='ocr_page ocr_carea ocr_par ocr_line ocrx_word'/>
</head>
<body>
  <div class='ocr_page' id='page_1' title='image "./ioanniscantacuz02niebgoog_0400.png"; bbox 0 0 2854 4936; ppageno 0'>
   <div class='ocr_carea' id='block_1_1' title="bbox 272 255 1083 350">
    <p class='ocr_par' dir='ltr' id='par_1_1' title="bbox 272 255 1083 350">
     <span class='ocr_line' id='line_1_1' title="bbox 272 255 1083 350; baseline -0.006 -2"><span class='ocrx_word' id='word_1_1' title='bbox 272 283 327 348; x_wconf 76' lang='lat' dir='ltr'><strong>tu</strong></span> <span class='ocrx_word' id='word_1_2' title='bbox 355 281 637 350; x_wconf 72' lang='lat' dir='ltr'><strong>mursensem</strong></span> <span class='ocrx_word' id='word_1_3' title='bbox 670 286 744 348; x_wconf 85' lang='lat' dir='ltr'><strong>nin.</strong></span> <span class='ocrx_word' id='word_1_4' title='bbox 773 289 799 346; x_wconf 90' lang='lat'><strong>1.</strong></span> <span class='ocrx_word' id='word_1_5' title='bbox 999 255 1083 344; x_wconf 81' lang='lat'><strong>383</strong></span> 
     </span>
    </p>
   </div>
   <div class='ocr_carea' id='block_1_2' title="bbox 34 413 1084 525">
    <p class='ocr_par' dir='ltr' id='par_1_2' title="bbox 34 413 1084 525">
     <span class='ocr_line' id='line_1_2' title="bbox 34 413 1084 525; baseline 0.006 -27"><span class='ocrx_word' id='word_1_6' title='bbox 34 439 166 522; x_wconf 73' lang='lat' dir='ltr'><strong>optimates</strong></span> <span class='ocrx_word' id='word_1_7' title='bbox 185 413 218 500; x_wconf 86' lang='lat' dir='ltr'><strong>ac</strong></span> <span class='ocrx_word' id='word_1_8' title='bbox 234 439 315 502; x_wconf 86' lang='lat' dir='ltr'><strong>viros</strong></span> <span class='ocrx_word' id='word_1_9' title='bbox 333 437 464 502; x_wconf 72' lang='lat' dir='ltr'><strong>illustres</strong></span> <span class='ocrx_word' id='word_1_10' title='bbox 490 441 710 523; x_wconf 85' lang='lat' dir='ltr'><strong>primariosque</strong></span> <span class='ocrx_word' id='word_1_11' title='bbox 730 439 772 500; x_wconf 87' lang='lat' dir='ltr'><strong>sic</strong></span> <span class='ocrx_word' id='word_1_12' title='bbox 793 437 933 522; x_wconf 86' lang='lat' dir='ltr'><strong>appellat.</strong></span> <span class='ocrx_word' id='word_1_13' title='bbox 977 441 1084 525; x_wconf 88' lang='lat' dir='ltr'><strong>ltaque</strong></span> 
     </span>
    </p>
   </div>
   <div class='ocr_carea' id='block_1_3' title="bbox 14 523 1090 2955">
    <p class='ocr_par' dir='ltr' id='par_1_3' title="bbox 29 523 1083 943">
     <span class='ocr_line' id='line_1_3' title="bbox 33 523 1082 606; baseline 0.006 -26"><span class='ocrx_word' id='word_1_14' title='bbox 33 543 87 583; x_wconf 89' lang='lat' dir='ltr'><strong>raro</strong></span> <span class='ocrx_word' id='word_1_15' title='bbox 104 523 300 586; x_wconf 74' lang='lat' dir='ltr'><strong>transtulimus</strong></span> <span class='ocrx_word' id='word_1_16' title='bbox 321 537 460 602; x_wconf 71' lang='lat' dir='ltr'><strong>rameru,</strong></span> <span class='ocrx_word' id='word_1_17' title='bbox 482 537 646 599; x_wconf 78' lang='lat' dir='ltr'><strong>senatores,</strong></span> <span class='ocrx_word' id='word_1_18' title='bbox 662 545 702 585; x_wconf 90' lang='lat' dir='ltr'><strong>ne</strong></span> <span class='ocrx_word' id='word_1_19' title='bbox 724 523 792 606; x_wconf 90' lang='lat' dir='ltr'><strong>quis</strong></span> <span class='ocrx_word' id='word_1_20' title='bbox 813 523 850 584; x_wconf 87' lang='lat' dir='ltr'><strong>de</strong></span> <span class='ocrx_word' id='word_1_21' title='bbox 873 523 954 586; x_wconf 81' lang='lat' dir='ltr'><strong>civili</strong></span> <span class='ocrx_word' id='word_1_22' title='bbox 977 538 1082 588; x_wconf 87' lang='lat' dir='ltr'><strong>senatu</strong></span> 
     </span>
     <span class='ocr_line' id='line_1_4' title="bbox 32 605 1083 690; baseline 0.008 -26"><span class='ocrx_word' id='word_1_23' title='bbox 32 617 56 664; x_wconf 86' lang='lat' dir='ltr'><strong>et</strong></span> <span class='ocrx_word' id='word_1_24' title='bbox 71 607 242 668; x_wconf 88' lang='lat' dir='ltr'><strong>senatoribus</strong></span> <span class='ocrx_word' id='word_1_25' title='bbox 261 627 327 669; x_wconf 89' lang='lat' dir='ltr'><strong>rem</strong></span> <span class='ocrx_word' id='word_1_26' title='bbox 348 605 573 690; x_wconf 79' lang='lat' dir='ltr'><strong>intelligendam</strong></span> <span class='ocrx_word' id='word_1_27' title='bbox 617 618 742 685; x_wconf 79' lang='lat' dir='ltr'><strong>ntarst3</strong></span> <span class='ocrx_word' id='word_1_28' title='bbox 772 606 913 688; x_wconf 83' lang='lat' dir='ltr'><strong>fugienda</strong></span> <span class='ocrx_word' id='word_1_29' title='bbox 936 618 981 669; x_wconf 89' lang='lat' dir='ltr'><strong>est</strong></span> <span class='ocrx_word' id='word_1_30' title='bbox 1001 613 1083 672; x_wconf 85' lang='lat' dir='ltr'><strong>euint</strong></span> 
     </span>
     <span class='ocr_line' id='line_1_5' title="bbox 31 629 1083 858; baseline 0.007 -26"><span class='ocrx_word' id='word_1_31' title='bbox 31 629 1083 858; x_wconf 63' lang='lat' dir='ltr'><strong>ttuttiteot11lm</strong></span> 
     </span>
     <span class='ocr_line' id='line_1_6' title="bbox 29 819 847 943; baseline 0.006 -27"><span class='ocrx_word' id='word_1_32' title='bbox 29 857 177 934; x_wconf 76' lang='lat' dir='ltr'><strong>mertem,</strong></span> <span class='ocrx_word' id='word_1_33' title='bbox 199 861 406 943; x_wconf 88' lang='lat' dir='ltr'><strong>interpretare.</strong></span> <span class='ocrx_word' id='word_1_34' title='bbox 450 857 588 921; x_wconf 82' lang='lat' dir='ltr'><strong>Poarsn.</strong></span> <span class='ocrx_word' id='word_1_35' title='bbox 836 819 847 858; x_wconf 59' lang='lat'>²</span> 
     </span>
    </p>

    <p class='ocr_par' dir='ltr' id='par_1_4' title="bbox 94 935 719 1024">
     <span class='ocr_line' id='line_1_7' title="bbox 94 935 719 1024; baseline 0.003 -21"><span class='ocrx_word' id='word_1_36' title='bbox 94 941 165 1023; x_wconf 71' lang='lat' dir='ltr'><strong>Peg.</strong></span> <span class='ocrx_word' id='word_1_37' title='bbox 189 941 240 1018; x_wconf 79' lang='lat'><strong>26,</strong></span> <span class='ocrx_word' id='word_1_38' title='bbox 268 964 315 1010; x_wconf 86' lang='lat' dir='ltr'><strong>ro.</strong></span> <span class='ocrx_word' id='word_1_39' title='bbox 337 942 395 1004; x_wconf 80' lang='lat' dir='ltr'><strong>osis</strong></span> <span class='ocrx_word' id='word_1_40' title='bbox 416 935 657 1024; x_wconf 72' lang='grc' dir='ltr'><strong><em>ἐξαναστήσεται</em></strong></span> <span class='ocrx_word' id='word_1_41' title='bbox 675 944 719 1005; x_wconf 90' lang='grc' dir='ltr'><strong>Μ.</strong></span> 
     </span>
    </p>

    <p class='ocr_par' dir='ltr' id='par_1_5' title="bbox 14 1022 1090 2955">
     <span class='ocr_line' id='line_1_8' title="bbox 93 1022 1083 1108; baseline 0.002 -22"><span class='ocrx_word' id='word_1_42' title='bbox 93 1023 166 1108; x_wconf 72' lang='lat' dir='ltr'><strong>Peg.</strong></span> <span class='ocrx_word' id='word_1_43' title='bbox 185 1025 238 1108; x_wconf 85' lang='lat'><strong>26,</strong></span> <span class='ocrx_word' id='word_1_44' title='bbox 255 1022 301 1090; x_wconf 74' lang='lat' dir='ltr'><strong>id.</strong></span> <span class='ocrx_word' id='word_1_45' title='bbox 322 1026 441 1088; x_wconf 84' lang='lat' dir='ltr'><strong>intra</strong></span> <span class='ocrx_word' id='word_1_46' title='bbox 460 1026 656 1105; x_wconf 77' lang='lat' dir='ltr'><strong>Byzantii</strong></span> <span class='ocrx_word' id='word_1_47' title='bbox 660 1029 784 1106; x_wconf 84' lang='lat' dir='ltr'><strong>sines.</strong></span> <span class='ocrx_word' id='word_1_48' title='bbox 804 1027 885 1089; x_wconf 87' lang='lat' dir='ltr'><strong>Urhs</strong></span> <span class='ocrx_word' id='word_1_49' title='bbox 899 1026 974 1088; x_wconf 90' lang='lat' dir='ltr'><strong>haec</strong></span> <span class='ocrx_word' id='word_1_50' title='bbox 993 1026 1083 1088; x_wconf 75' lang='lat' dir='ltr'><strong>nehi-</strong></span> 
     </span>
     <span class='ocr_line' id='line_1_9' title="bbox 27 1103 1083 1196; baseline 0.009 -33"><span class='ocrx_word' id='word_1_51' title='bbox 27 1103 118 1167; x_wconf 85' lang='lat' dir='ltr'><strong>lissima</strong></span> <span class='ocrx_word' id='word_1_52' title='bbox 147 1109 207 1170; x_wconf 90' lang='lat' dir='ltr'><strong>dno</strong></span> <span class='ocrx_word' id='word_1_53' title='bbox 251 1111 375 1172; x_wconf 89' lang='lat' dir='ltr'><strong>nomina</strong></span> <span class='ocrx_word' id='word_1_54' title='bbox 402 1109 535 1189; x_wconf 85' lang='lat' dir='ltr'><strong>hahuit,</strong></span> <span class='ocrx_word' id='word_1_55' title='bbox 556 1113 710 1193; x_wconf 88' lang='lat' dir='ltr'><strong>antiquius</strong></span> <span class='ocrx_word' id='word_1_56' title='bbox 743 1111 943 1196; x_wconf 77' lang='lat' dir='ltr'><strong>Byzantium,</strong></span> <span class='ocrx_word' id='word_1_57' title='bbox 977 1129 1083 1172; x_wconf 90' lang='lat' dir='ltr'><strong>recen·</strong></span> 
     </span>
     <span class='ocr_line' id='line_1_10' title="bbox 26 1189 1084 1277; baseline 0.008 -31"><span class='ocrx_word' id='word_1_58' title='bbox 26 1190 72 1249; x_wconf 86' lang='lat' dir='ltr'><strong>tius</strong></span> <span class='ocrx_word' id='word_1_59' title='bbox 91 1189 383 1277; x_wconf 86' lang='lat' dir='ltr'><strong>Constantinopolis:</strong></span> <span class='ocrx_word' id='word_1_60' title='bbox 406 1193 445 1254; x_wconf 90' lang='lat' dir='ltr'><strong>de</strong></span> <span class='ocrx_word' id='word_1_61' title='bbox 470 1203 601 1276; x_wconf 84' lang='lat' dir='ltr'><strong>utroque</strong></span> <span class='ocrx_word' id='word_1_62' title='bbox 620 1194 792 1256; x_wconf 87' lang='lat' dir='ltr'><strong>dicendum.</strong></span> <span class='ocrx_word' id='word_1_63' title='bbox 830 1195 928 1256; x_wconf 90' lang='lat' dir='ltr'><strong>Vetus</strong></span> <span class='ocrx_word' id='word_1_64' title='bbox 948 1194 1004 1255; x_wconf 86' lang='lat' dir='ltr'><strong>fnit</strong></span> <span class='ocrx_word' id='word_1_65' title='bbox 1027 1215 1084 1276; x_wconf 89' lang='lat' dir='ltr'><strong>op-</strong></span> 
     </span>
     <span class='ocr_line' id='line_1_11' title="bbox 25 1271 1084 1361; baseline 0.009 -31"><span class='ocrx_word' id='word_1_66' title='bbox 25 1271 111 1352; x_wconf 88' lang='lat' dir='ltr'><strong>pidum</strong></span> <span class='ocrx_word' id='word_1_67' title='bbox 138 1279 169 1336; x_wconf 86' lang='lat' dir='ltr'><strong>in</strong></span> <span class='ocrx_word' id='word_1_68' title='bbox 199 1278 333 1340; x_wconf 88' lang='lat' dir='ltr'><strong>Thracia</strong></span> <span class='ocrx_word' id='word_1_69' title='bbox 366 1275 405 1337; x_wconf 89' lang='lat' dir='ltr'><strong>ad</strong></span> <span class='ocrx_word' id='word_1_70' title='bbox 422 1277 662 1360; x_wconf 81' lang='lat' dir='ltr'><strong>Propontidem,</strong></span> <span class='ocrx_word' id='word_1_71' title='bbox 692 1278 775 1360; x_wconf 92' lang='lat' dir='ltr'><strong>quod</strong></span> <span class='ocrx_word' id='word_1_72' title='bbox 796 1278 961 1361; x_wconf 89' lang='lat' dir='ltr'><strong>Byzantes,</strong></span> <span class='ocrx_word' id='word_1_73' title='bbox 981 1275 1084 1340; x_wconf 86' lang='lat' dir='ltr'><strong>classis</strong></span> 
     </span>
     <span class='ocr_line' id='line_1_12' title="bbox 25 1357 1084 1444; baseline 0 -24"><span class='ocrx_word' id='word_1_74' title='bbox 25 1357 224 1437; x_wconf 75' lang='lat' dir='ltr'><strong>Megarensium</strong></span> <span class='ocrx_word' id='word_1_75' title='bbox 256 1383 293 1424; x_wconf 89' lang='lat' dir='ltr'><strong>eo</strong></span> <span class='ocrx_word' id='word_1_76' title='bbox 316 1359 467 1424; x_wconf 90' lang='lat' dir='ltr'><strong>coloniam</strong></span> <span class='ocrx_word' id='word_1_77' title='bbox 487 1361 700 1424; x_wconf 85' lang='lat' dir='ltr'><strong>deducentium</strong></span> <span class='ocrx_word' id='word_1_78' title='bbox 721 1362 801 1438; x_wconf 86' lang='lat' dir='ltr'><strong>dux,</strong></span> <span class='ocrx_word' id='word_1_79' title='bbox 822 1361 980 1434; x_wconf 85' lang='lat' dir='ltr'><strong>condidit,</strong></span> <span class='ocrx_word' id='word_1_80' title='bbox 1001 1359 1084 1444; x_wconf 87' lang='lat' dir='ltr'><strong>qnod</strong></span> 
     </span>
     <span class='ocr_line' id='line_1_13' title="bbox 23 1441 1086 1529; baseline 0.007 -32"><span class='ocrx_word' id='word_1_81' title='bbox 23 1441 156 1504; x_wconf 86' lang='lat' dir='ltr'><strong>eonditum</strong></span> <span class='ocrx_word' id='word_1_82' title='bbox 180 1447 346 1509; x_wconf 80' lang='lat' dir='ltr'><strong>Pausanias</strong></span> <span class='ocrx_word' id='word_1_83' title='bbox 366 1445 533 1529; x_wconf 87' lang='lat' dir='ltr'><strong>Spartanus</strong></span> <span class='ocrx_word' id='word_1_84' title='bbox 560 1449 742 1507; x_wconf 81' lang='lat' dir='ltr'><strong>instaurasse</strong></span> <span class='ocrx_word' id='word_1_85' title='bbox 770 1456 801 1506; x_wconf 90' lang='lat' dir='ltr'><strong>et</strong></span> <span class='ocrx_word' id='word_1_86' title='bbox 821 1444 1016 1528; x_wconf 87' lang='lat' dir='ltr'><strong>amplificasse</strong></span> <span class='ocrx_word' id='word_1_87' title='bbox 1036 1443 1086 1504; x_wconf 85' lang='lat' dir='ltr'><strong>di-</strong></span> 
     </span>
     <span class='ocr_line' id='line_1_14' title="bbox 21 1519 1085 1618; baseline 0.008 -38"><span class='ocrx_word' id='word_1_88' title='bbox 21 1525 94 1589; x_wconf 91' lang='lat' dir='ltr'><strong>citnr.</strong></span> <span class='ocrx_word' id='word_1_89' title='bbox 129 1529 238 1591; x_wconf 83' lang='lat' dir='ltr'><strong>Tradit</strong></span> <span class='ocrx_word' id='word_1_90' title='bbox 256 1532 408 1618; x_wconf 61' lang='lat' dir='ltr'><strong>Zonaras,</strong></span> <span class='ocrx_word' id='word_1_91' title='bbox 431 1529 661 1592; x_wconf 86' lang='lat' dir='ltr'><strong>Constantinum</strong></span> <span class='ocrx_word' id='word_1_92' title='bbox 683 1519 828 1610; x_wconf 84' lang='lat' dir='ltr'><strong>Magnum</strong></span> <span class='ocrx_word' id='word_1_93' title='bbox 849 1539 1004 1612; x_wconf 90' lang='lat' dir='ltr'><strong>parantem</strong></span> <span class='ocrx_word' id='word_1_94' title='bbox 1030 1549 1085 1588; x_wconf 81' lang='lat' dir='ltr'><strong>ur-</strong></span> 
     </span>
     <span class='ocr_line' id='line_1_15' title="bbox 21 1603 1085 1696; baseline 0.004 -28"><span class='ocrx_word' id='word_1_95' title='bbox 21 1603 76 1668; x_wconf 81' lang='lat' dir='ltr'><strong>bem</strong></span> <span class='ocrx_word' id='word_1_96' title='bbox 103 1613 147 1674; x_wconf 91' lang='lat' dir='ltr'><strong>sui</strong></span> <span class='ocrx_word' id='word_1_97' title='bbox 182 1615 316 1676; x_wconf 88' lang='lat' dir='ltr'><strong>nominis</strong></span> <span class='ocrx_word' id='word_1_98' title='bbox 348 1613 525 1692; x_wconf 85' lang='lat' dir='ltr'><strong>aedificare,</strong></span> <span class='ocrx_word' id='word_1_99' title='bbox 557 1615 657 1696; x_wconf 89' lang='lat' dir='ltr'><strong>primo</strong></span> <span class='ocrx_word' id='word_1_100' title='bbox 686 1613 845 1674; x_wconf 85' lang='lat' dir='ltr'><strong>Sardicum</strong></span> <span class='ocrx_word' id='word_1_101' title='bbox 866 1633 995 1696; x_wconf 78' lang='lat' dir='ltr'><strong>agrum,</strong></span> <span class='ocrx_word' id='word_1_102' title='bbox 1017 1623 1085 1693; x_wconf 90' lang='lat' dir='ltr'><strong>post</strong></span> 
     </span>
     <span class='ocr_line' id='line_1_16' title="bbox 19 1689 1086 1780; baseline 0.01 -33"><span class='ocrx_word' id='word_1_103' title='bbox 19 1689 43 1748; x_wconf 90' lang='lat' dir='ltr'><strong>Si</strong></span> <span class='ocrx_word' id='word_1_104' title='bbox 60 1713 140 1757; x_wconf 85' lang='lat' dir='ltr'><strong>asum</strong></span> <span class='ocrx_word' id='word_1_105' title='bbox 158 1700 426 1780; x_wconf 79' lang='lat' dir='ltr'><strong>promontorium,</strong></span> <span class='ocrx_word' id='word_1_106' title='bbox 453 1697 576 1759; x_wconf 89' lang='lat' dir='ltr'><strong>taudem</strong></span> <span class='ocrx_word' id='word_1_107' title='bbox 601 1696 822 1758; x_wconf 86' lang='lat' dir='ltr'><strong>Calchedonem</strong></span> <span class='ocrx_word' id='word_1_108' title='bbox 847 1707 878 1758; x_wconf 90' lang='lat' dir='ltr'><strong>et</strong></span> <span class='ocrx_word' id='word_1_109' title='bbox 908 1697 1086 1779; x_wconf 85' lang='lat' dir='ltr'><strong>Byzantium</strong></span> 
     </span>
     <span class='ocr_line' id='line_1_17' title="bbox 18 1713 1085 1860; baseline 0.006 -28"><span class='ocrx_word' id='word_1_110' title='bbox 18 1713 153 1860; x_wconf 79' lang='lat' dir='ltr'><strong>delegisse.</strong></span> <span class='ocrx_word' id='word_1_111' title='bbox 193 1782 354 1844; x_wconf 88' lang='lat' dir='ltr'><strong>Cedrenns</strong></span> <span class='ocrx_word' id='word_1_112' title='bbox 376 1793 483 1845; x_wconf 79' lang='lat' dir='ltr'><strong>anctsu</strong></span> <span class='ocrx_word' id='word_1_113' title='bbox 495 1792 541 1842; x_wconf 88' lang='lat' dir='ltr'><strong>est</strong></span> <span class='ocrx_word' id='word_1_114' title='bbox 552 1825 561 1860; x_wconf 95' lang='lat'><strong>,</strong></span> <span class='ocrx_word' id='word_1_115' title='bbox 573 1779 805 1842; x_wconf 83' lang='lat' dir='ltr'><strong>Thessalonicae</strong></span> <span class='ocrx_word' id='word_1_116' title='bbox 824 1780 927 1842; x_wconf 86' lang='lat' dir='ltr'><strong>fecisse</strong></span> <span class='ocrx_word' id='word_1_117' title='bbox 945 1779 1085 1858; x_wconf 89' lang='lat' dir='ltr'><strong>initium,</strong></span> 
     </span>
     <span class='ocr_line' id='line_1_18' title="bbox 18 1858 1086 1950; baseline -0.003 -23"><span class='ocrx_word' id='word_1_118' title='bbox 18 1858 58 1918; x_wconf 86' lang='lat' dir='ltr'><strong>sed</strong></span> <span class='ocrx_word' id='word_1_119' title='bbox 76 1875 154 1942; x_wconf 77' lang='lat' dir='ltr'><strong>peste</strong></span> <span class='ocrx_word' id='word_1_120' title='bbox 172 1865 401 1950; x_wconf 89' lang='lat' dir='ltr'><strong>interpellatum</strong></span> <span class='ocrx_word' id='word_1_121' title='bbox 415 1912 425 1944; x_wconf 90' lang='lat'><strong>,</strong></span> <span class='ocrx_word' id='word_1_122' title='bbox 440 1865 596 1950; x_wconf 84' lang='lat' dir='ltr'><strong>reliquisse</strong></span> <span class='ocrx_word' id='word_1_123' title='bbox 608 1863 709 1926; x_wconf 90' lang='lat' dir='ltr'><strong>locum</strong></span> <span class='ocrx_word' id='word_1_124' title='bbox 725 1873 755 1927; x_wconf 87' lang='lat' dir='ltr'><strong>et</strong></span> <span class='ocrx_word' id='word_1_125' title='bbox 772 1863 997 1926; x_wconf 84' lang='lat' dir='ltr'><strong>Calchedonem</strong></span> <span class='ocrx_word' id='word_1_126' title='bbox 1014 1883 1086 1945; x_wconf 89' lang='lat' dir='ltr'><strong>pro·</strong></span> 
     </span>
     <span class='ocr_line' id='line_1_19' title="bbox 18 1941 1085 2030; baseline 0.001 -24"><span class='ocrx_word' id='word_1_127' title='bbox 18 1941 120 2008; x_wconf 77' lang='lat' dir='ltr'><strong>sectum</strong></span> <span class='ocrx_word' id='word_1_128' title='bbox 160 1950 307 2030; x_wconf 81' lang='lat' dir='ltr'><strong>Quanta</strong></span> <span class='ocrx_word' id='word_1_129' title='bbox 331 1949 613 2026; x_wconf 83' lang='lat' dir='ltr'><strong>Persiseversam‚</strong></span> <span class='ocrx_word' id='word_1_130' title='bbox 641 1969 712 2008; x_wconf 90' lang='lat' dir='ltr'><strong>cum</strong></span> <span class='ocrx_word' id='word_1_131' title='bbox 743 1950 900 2009; x_wconf 85' lang='lat' dir='ltr'><strong>restituere</strong></span> <span class='ocrx_word' id='word_1_132' title='bbox 919 1949 1085 2029; x_wconf 86' lang='lat' dir='ltr'><strong>inciperet,</strong></span> 
     </span>
     <span class='ocr_line' id='line_1_20' title="bbox 16 2023 1084 2114; baseline -0.001 -21"><span class='ocrx_word' id='word_1_133' title='bbox 16 2023 47 2084; x_wconf 72' lang='lat' dir='ltr'><strong>tl)</strong></span> <span class='ocrx_word' id='word_1_134' title='bbox 65 2029 168 2112; x_wconf 80' lang='lat' dir='ltr'><strong>aquilis</strong></span> <span class='ocrx_word' id='word_1_135' title='bbox 188 2033 384 2096; x_wconf 88' lang='lat' dir='ltr'><strong>admonitum</strong></span> <span class='ocrx_word' id='word_1_136' title='bbox 403 2033 513 2110; x_wconf 88' lang='lat' dir='ltr'><strong>fuisse,</strong></span> <span class='ocrx_word' id='word_1_137' title='bbox 528 2030 582 2092; x_wconf 88' lang='lat' dir='ltr'><strong>uhi</strong></span> <span class='ocrx_word' id='word_1_138' title='bbox 601 2031 895 2114; x_wconf 86' lang='lat' dir='ltr'><strong>Constantinopolim</strong></span> <span class='ocrx_word' id='word_1_139' title='bbox 918 2032 1084 2093; x_wconf 82' lang='lat' dir='ltr'><strong>conderet:</strong></span> 
     </span>
     <span class='ocr_line' id='line_1_21' title="bbox 15 2111 1087 2200; baseline 0.004 -28"><span class='ocrx_word' id='word_1_140' title='bbox 15 2111 82 2188; x_wconf 86' lang='lat' dir='ltr'><strong>qnod</strong></span> <span class='ocrx_word' id='word_1_141' title='bbox 100 2113 169 2178; x_wconf 89' lang='lat' dir='ltr'><strong>illae</strong></span> <span class='ocrx_word' id='word_1_142' title='bbox 181 2118 422 2180; x_wconf 89' lang='lat' dir='ltr'><strong>architectorum</strong></span> <span class='ocrx_word' id='word_1_143' title='bbox 442 2114 561 2200; x_wconf 77' lang='lat' dir='ltr'><strong>regulas</strong></span> <span class='ocrx_word' id='word_1_144' title='bbox 579 2125 610 2177; x_wconf 90' lang='lat' dir='ltr'><strong>et</strong></span> <span class='ocrx_word' id='word_1_145' title='bbox 630 2113 782 2177; x_wconf 87' lang='lat' dir='ltr'><strong>funiculos</strong></span> <span class='ocrx_word' id='word_1_146' title='bbox 807 2116 925 2197; x_wconf 89' lang='lat' dir='ltr'><strong>saepius</strong></span> <span class='ocrx_word' id='word_1_147' title='bbox 943 2123 1087 2198; x_wconf 88' lang='lat' dir='ltr'><strong>raperent</strong></span> 
     </span>
     <span class='ocr_line' id='line_1_22' title="bbox 15 2191 1085 2287; baseline 0.003 -31"><span class='ocrx_word' id='word_1_148' title='bbox 15 2191 238 2287; x_wconf 87' lang='lat' dir='ltr'><strong>Byzantiumque</strong></span> <span class='ocrx_word' id='word_1_149' title='bbox 256 2201 462 2285; x_wconf 85' lang='lat' dir='ltr'><strong>deportarent.</strong></span> <span class='ocrx_word' id='word_1_150' title='bbox 502 2200 686 2262; x_wconf 86' lang='lat' dir='ltr'><strong>Sozomenns</strong></span> <span class='ocrx_word' id='word_1_151' title='bbox 716 2209 748 2260; x_wconf 88' lang='lat' dir='ltr'><strong>et</strong></span> <span class='ocrx_word' id='word_1_152' title='bbox 773 2199 912 2261; x_wconf 85' lang='lat' dir='ltr'><strong>Zosimus</strong></span> <span class='ocrx_word' id='word_1_153' title='bbox 942 2209 1085 2272; x_wconf 79' lang='lat' dir='ltr'><strong>manant,</strong></span> 
     </span>
     <span class='ocr_line' id='line_1_23' title="bbox 15 2281 1086 2366; baseline 0.001 -24"><span class='ocrx_word' id='word_1_154' title='bbox 15 2281 177 2360; x_wconf 73' lang='lat' dir='ltr'><strong>cogitantem</strong></span> <span class='ocrx_word' id='word_1_155' title='bbox 198 2285 311 2348; x_wconf 86' lang='lat' dir='ltr'><strong>urbem</strong></span> <span class='ocrx_word' id='word_1_156' title='bbox 333 2286 379 2348; x_wconf 89' lang='lat' dir='ltr'><strong>sni</strong></span> <span class='ocrx_word' id='word_1_157' title='bbox 399 2283 530 2346; x_wconf 91' lang='lat' dir='ltr'><strong>nominis</strong></span> <span class='ocrx_word' id='word_1_158' title='bbox 550 2282 704 2361; x_wconf 90' lang='lat' dir='ltr'><strong>condere,</strong></span> <span class='ocrx_word' id='word_1_159' title='bbox 723 2303 802 2366; x_wconf 82' lang='lat' dir='ltr'><strong>quae</strong></span> <span class='ocrx_word' id='word_1_160' title='bbox 820 2283 937 2344; x_wconf 88' lang='lat' dir='ltr'><strong>honore</strong></span> <span class='ocrx_word' id='word_1_161' title='bbox 957 2283 1086 2344; x_wconf 89' lang='lat' dir='ltr'><strong>Romam</strong></span> 
     </span>
     <span class='ocr_line' id='line_1_24' title="bbox 14 2366 1087 2534; baseline 0.006 -30"><span class='ocrx_word' id='word_1_162' title='bbox 14 2367 428 2520; x_wconf 49' lang='lat' dir='ltr'><strong>idili’sliiliilli‘</strong></span> <span class='ocrx_word' id='word_1_163' title='bbox 446 2366 826 2534; x_wconf 55' lang='lat' dir='ltr'><strong>leltttlttttt</strong></span> <span class='ocrx_word' id='word_1_164' title='bbox 840 2367 1087 2512; x_wconf 51' lang='lat' dir='ltr'><strong>tttttttattt</strong></span> 
     </span>
     <span class='ocr_line' id='line_1_25' title="bbox 14 2496 1088 2622; baseline 0.002 -32"><span class='ocrx_word' id='word_1_165' title='bbox 14 2496 152 2616; x_wconf 57' lang='lat' dir='ltr'><strong>marked,</strong></span> <span class='ocrx_word' id='word_1_166' title='bbox 169 2549 244 2622; x_wconf 88' lang='lat' dir='ltr'><strong>post</strong></span> <span class='ocrx_word' id='word_1_167' title='bbox 264 2538 366 2600; x_wconf 85' lang='lat' dir='ltr'><strong>sedem</strong></span> <span class='ocrx_word' id='word_1_168' title='bbox 383 2497 624 2600; x_wconf 84' lang='lat' dir='ltr'><strong>commodiniem</strong></span> <span class='ocrx_word' id='word_1_169' title='bbox 645 2535 747 2596; x_wconf 80' lang='lat' dir='ltr'><strong>visum</strong></span> <span class='ocrx_word' id='word_1_170' title='bbox 762 2535 951 2617; x_wconf 85' lang='lat' dir='ltr'><strong>Byzantium.</strong></span> <span class='ocrx_word' id='word_1_171' title='bbox 984 2533 1088 2611; x_wconf 90' lang='lat' dir='ltr'><strong>Quam</strong></span> 
     </span>
     <span class='ocr_line' id='line_1_26' title="bbox 14 2615 1088 2704; baseline 0.006 -34"><span class='ocrx_word' id='word_1_172' title='bbox 14 2633 63 2676; x_wconf 81' lang='lat' dir='ltr'><strong>:rim</strong></span> <span class='ocrx_word' id='word_1_173' title='bbox 80 2619 212 2683; x_wconf 87' lang='lat' dir='ltr'><strong>Severus</strong></span> <span class='ocrx_word' id='word_1_174' title='bbox 236 2625 405 2704; x_wconf 86' lang='lat' dir='ltr'><strong>imperator</strong></span> <span class='ocrx_word' id='word_1_175' title='bbox 424 2619 630 2702; x_wconf 88' lang='lat' dir='ltr'><strong>superioribus</strong></span> <span class='ocrx_word' id='word_1_176' title='bbox 651 2618 757 2692; x_wconf 89' lang='lat' dir='ltr'><strong>annis,</strong></span> <span class='ocrx_word' id='word_1_177' title='bbox 791 2619 889 2680; x_wconf 89' lang='lat' dir='ltr'><strong>occiso</strong></span> <span class='ocrx_word' id='word_1_178' title='bbox 919 2615 1088 2678; x_wconf 84' lang='lat' dir='ltr'><strong>Pescennio</strong></span> 
     </span>
     <span class='ocr_line' id='line_1_27' title="bbox 14 2695 1088 2788; baseline -0.002 -26"><span class='ocrx_word' id='word_1_179' title='bbox 14 2695 110 2782; x_wconf 75' lang='lat' dir='ltr'><strong>ligno,</strong></span> <span class='ocrx_word' id='word_1_180' title='bbox 139 2706 195 2788; x_wconf 89' lang='lat' dir='ltr'><strong>qui</strong></span> <span class='ocrx_word' id='word_1_181' title='bbox 223 2706 389 2788; x_wconf 87' lang='lat' dir='ltr'><strong>imperium</strong></span> <span class='ocrx_word' id='word_1_182' title='bbox 411 2705 538 2766; x_wconf 84' lang='lat' dir='ltr'><strong>orientis</strong></span> <span class='ocrx_word' id='word_1_183' title='bbox 563 2705 731 2774; x_wconf 85' lang='lat' dir='ltr'><strong>invaserat,</strong></span> <span class='ocrx_word' id='word_1_184' title='bbox 754 2698 896 2762; x_wconf 87' lang='lat' dir='ltr'><strong>diruisset</strong></span> <span class='ocrx_word' id='word_1_185' title='bbox 919 2710 951 2762; x_wconf 89' lang='lat' dir='ltr'><strong>et</strong></span> <span class='ocrx_word' id='word_1_186' title='bbox 973 2702 1006 2759; x_wconf 89' lang='lat' dir='ltr'><strong>in</strong></span> <span class='ocrx_word' id='word_1_187' title='bbox 1028 2699 1088 2760; x_wconf 88' lang='lat' dir='ltr'><strong>vici</strong></span> 
     </span>
     <span class='ocr_line' id='line_1_28' title="bbox 14 2779 1089 2872; baseline -0.002 -29"><span class='ocrx_word' id='word_1_188' title='bbox 14 2779 319 2872; x_wconf 81' lang='lat' dir='ltr'><strong>hrmam&#39;redegisset,</strong></span> <span class='ocrx_word' id='word_1_189' title='bbox 334 2791 411 2872; x_wconf 88' lang='lat' dir='ltr'><strong>ipse,</strong></span> <span class='ocrx_word' id='word_1_190' title='bbox 425 2787 543 2848; x_wconf 87' lang='lat' dir='ltr'><strong>Licinio</strong></span> <span class='ocrx_word' id='word_1_191' title='bbox 552 2786 684 2854; x_wconf 81' lang='lat' dir='ltr'><strong>devicto,</strong></span> <span class='ocrx_word' id='word_1_192' title='bbox 695 2785 760 2845; x_wconf 87' lang='lat' dir='ltr'><strong>eius</strong></span> <span class='ocrx_word' id='word_1_193' title='bbox 777 2782 926 2843; x_wconf 89' lang='lat' dir='ltr'><strong>ambitum</strong></span> <span class='ocrx_word' id='word_1_194' title='bbox 938 2781 1089 2860; x_wconf 83' lang='lat' dir='ltr'><strong>dilatavit,</strong></span> 
     </span>
     <span class='ocr_line' id='line_1_29' title="bbox 14 2865 1090 2955; baseline 0.001 -31"><span class='ocrx_word' id='word_1_195' title='bbox 14 2885 93 2931; x_wconf 81' lang='lat' dir='ltr'><strong>nitros</strong></span> <span class='ocrx_word' id='word_1_196' title='bbox 118 2873 243 2952; x_wconf 84' lang='lat' dir='ltr'><strong>extulit,</strong></span> <span class='ocrx_word' id='word_1_197' title='bbox 269 2873 410 2936; x_wconf 85' lang='lat' dir='ltr'><strong>aedificiis</strong></span> <span class='ocrx_word' id='word_1_198' title='bbox 424 2867 555 2955; x_wconf 89' lang='lat' dir='ltr'><strong>publicis</strong></span> <span class='ocrx_word' id='word_1_199' title='bbox 576 2869 762 2952; x_wconf 84' lang='lat' dir='ltr'><strong>privatisque</strong></span> <span class='ocrx_word' id='word_1_200' title='bbox 777 2865 817 2926; x_wconf 90' lang='lat' dir='ltr'><strong>ad</strong></span> <span class='ocrx_word' id='word_1_201' title='bbox 837 2885 927 2927; x_wconf 87' lang='lat' dir='ltr'><strong>usum</strong></span> <span class='ocrx_word' id='word_1_202' title='bbox 947 2876 978 2928; x_wconf 90' lang='lat' dir='ltr'><strong>et</strong></span> <span class='ocrx_word' id='word_1_203' title='bbox 998 2865 1090 2926; x_wconf 86' lang='lat' dir='ltr'><strong>decus</strong></span> 
     </span>
    </p>
   </div>
   <div class='ocr_carea' id='block_1_4' title="bbox 14 2947 1223 3038">
    <p class='ocr_par' dir='ltr' id='par_1_6' title="bbox 14 2947 1223 3038">
     <span class='ocr_line' id='line_1_30' title="bbox 14 2947 1223 3038; baseline -0.003 -26"><span class='ocrx_word' id='word_1_204' title='bbox 14 2949 107 3034; x_wconf 78' lang='lat' dir='ltr'><strong>spiere</strong></span> <span class='ocrx_word' id='word_1_205' title='bbox 126 2959 279 3026; x_wconf 83' lang='lat' dir='ltr'><strong>instituit.</strong></span> <span class='ocrx_word' id='word_1_206' title='bbox 322 2957 432 3019; x_wconf 87' lang='lat' dir='ltr'><strong>Postea</strong></span> <span class='ocrx_word' id='word_1_207' title='bbox 450 2963 581 3037; x_wconf 83' lang='lat' dir='ltr'><strong>utroque</strong></span> <span class='ocrx_word' id='word_1_208' title='bbox 604 2955 645 3013; x_wconf 87' lang='lat' dir='ltr'><strong>im</strong></span> <span class='ocrx_word' id='word_1_209' title='bbox 703 2953 733 3012; x_wconf 94' lang='lat' dir='ltr'><strong>io</strong></span> <span class='ocrx_word' id='word_1_210' title='bbox 751 2951 785 3010; x_wconf 92' lang='lat' dir='ltr'><strong>in</strong></span> <span class='ocrx_word' id='word_1_211' title='bbox 807 2947 918 3012; x_wconf 87' lang='lat' dir='ltr'><strong>multas</strong></span> <span class='ocrx_word' id='word_1_212' title='bbox 938 2950 1092 3032; x_wconf 73' lang='lat' dir='ltr'><strong>pontones</strong></span> <span class='ocrx_word' id='word_1_213' title='bbox 1218 3029 1223 3038; x_wconf 76' lang='lat'><em>.</em></span> 
     </span>
    </p>
   </div>
   <div class='ocr_carea' id='block_1_5' title="bbox 14 3031 1095 4210">
    <p class='ocr_par' dir='ltr' id='par_1_7' title="bbox 14 3031 1095 4210">
     <span class='ocr_line' id='line_1_31' title="bbox 14 3031 1092 3120; baseline -0.002 -27"><span class='ocrx_word' id='word_1_214' title='bbox 14 3031 108 3120; x_wconf 80' lang='lat' dir='ltr'><strong>ttvtso,</strong></span> <span class='ocrx_word' id='word_1_215' title='bbox 129 3038 334 3104; x_wconf 87' lang='lat' dir='ltr'><strong>occidentalis</strong></span> <span class='ocrx_word' id='word_1_216' title='bbox 353 3041 502 3112; x_wconf 83' lang='lat' dir='ltr'><strong>Romam,</strong></span> <span class='ocrx_word' id='word_1_217' title='bbox 526 3040 682 3100; x_wconf 90' lang='lat' dir='ltr'><strong>orientais</strong></span> <span class='ocrx_word' id='word_1_218' title='bbox 701 3033 889 3098; x_wconf 89' lang='lat' dir='ltr'><strong>domicilium</strong></span> <span class='ocrx_word' id='word_1_219' title='bbox 911 3033 1092 3116; x_wconf 87' lang='lat' dir='ltr'><strong>Byzantium</strong></span> 
     </span>
     <span class='ocr_line' id='line_1_32' title="bbox 14 3114 1092 3208; baseline -0.006 -26"><span class='ocrx_word' id='word_1_220' title='bbox 14 3137 53 3182; x_wconf 79' lang='lat' dir='ltr'><strong>sse</strong></span> <span class='ocrx_word' id='word_1_221' title='bbox 70 3121 193 3206; x_wconf 89' lang='lat' dir='ltr'><strong>voluit,</strong></span> <span class='ocrx_word' id='word_1_222' title='bbox 216 3126 396 3208; x_wconf 86' lang='lat' dir='ltr'><strong>vocatisque</strong></span> <span class='ocrx_word' id='word_1_223' title='bbox 418 3124 544 3186; x_wconf 89' lang='lat' dir='ltr'><strong>orientis</strong></span> <span class='ocrx_word' id='word_1_224' title='bbox 564 3119 730 3203; x_wconf 86' lang='lat' dir='ltr'><strong>episcopis,</strong></span> <span class='ocrx_word' id='word_1_225' title='bbox 765 3137 876 3200; x_wconf 83' lang='lat' dir='ltr'><strong>magna</strong></span> <span class='ocrx_word' id='word_1_226' title='bbox 909 3114 1092 3179; x_wconf 88' lang='lat' dir='ltr'><strong>caerimonia</strong></span> 
     </span>
     <span class='ocr_line' id='line_1_33' title="bbox 14 3203 1092 3292; baseline -0.008 -24"><span class='ocrx_word' id='word_1_227' title='bbox 14 3203 95 3270; x_wconf 74' lang='lat' dir='ltr'><strong>rbem</strong></span> <span class='ocrx_word' id='word_1_228' title='bbox 115 3229 239 3273; x_wconf 84' lang='lat' dir='ltr'><strong>novam</strong></span> <span class='ocrx_word' id='word_1_229' title='bbox 261 3209 328 3271; x_wconf 91' lang='lat' dir='ltr'><strong>Dec</strong></span> <span class='ocrx_word' id='word_1_230' title='bbox 348 3229 384 3270; x_wconf 88' lang='lat' dir='ltr'><strong>ac</strong></span> <span class='ocrx_word' id='word_1_231' title='bbox 405 3207 517 3292; x_wconf 82' lang='lat' dir='ltr'><strong>virgini</strong></span> <span class='ocrx_word' id='word_1_232' title='bbox 539 3205 632 3268; x_wconf 88' lang='lat' dir='ltr'><strong>Matri</strong></span> <span class='ocrx_word' id='word_1_233' title='bbox 655 3203 847 3266; x_wconf 88' lang='lat' dir='ltr'><strong>consecravit</strong></span> <span class='ocrx_word' id='word_1_234' title='bbox 863 3245 872 3280; x_wconf 95' lang='lat'><strong>,</strong></span> <span class='ocrx_word' id='word_1_235' title='bbox 887 3219 1015 3282; x_wconf 89' lang='lat' dir='ltr'><strong>eamque</strong></span> <span class='ocrx_word' id='word_1_236' title='bbox 1034 3219 1092 3260; x_wconf 87' lang='lat' dir='ltr'><strong>nn·</strong></span> 
     </span>
     <span class='ocr_line' id='line_1_34' title="bbox 14 3283 1092 3374; baseline -0.012 -18"><span class='ocrx_word' id='word_1_237' title='bbox 14 3305 59 3350; x_wconf 72' lang='lat' dir='ltr'><strong>&#39;ssot</strong></span> <span class='ocrx_word' id='word_1_238' title='bbox 79 3293 217 3358; x_wconf 80' lang='lat' dir='ltr'><strong>Romam</strong></span> <span class='ocrx_word' id='word_1_239' title='bbox 238 3303 272 3356; x_wconf 91' lang='lat' dir='ltr'><strong>et</strong></span> <span class='ocrx_word' id='word_1_240' title='bbox 289 3288 586 3374; x_wconf 87' lang='lat' dir='ltr'><strong>Constantinopolim</strong></span> <span class='ocrx_word' id='word_1_241' title='bbox 602 3288 792 3373; x_wconf 84' lang='lat' dir='ltr'><strong>indigitavit,</strong></span> <span class='ocrx_word' id='word_1_242' title='bbox 804 3296 835 3347; x_wconf 89' lang='lat' dir='ltr'><strong>et</strong></span> <span class='ocrx_word' id='word_1_243' title='bbox 853 3284 892 3346; x_wconf 89' lang='lat' dir='ltr'><strong>ad</strong></span> <span class='ocrx_word' id='word_1_244' title='bbox 913 3283 1092 3367; x_wconf 78' lang='lat' dir='ltr'><strong>dignitatem</strong></span> 
     </span>
     <span class='ocr_line' id='line_1_35' title="bbox 14 3367 1092 3453; baseline -0.001 -24"><span class='ocrx_word' id='word_1_245' title='bbox 14 3371 58 3433; x_wconf 91' lang='lat' dir='ltr'><strong>rbi</strong></span> <span class='ocrx_word' id='word_1_246' title='bbox 81 3377 265 3440; x_wconf 86' lang='lat' dir='ltr'><strong>addendam</strong></span> <span class='ocrx_word' id='word_1_247' title='bbox 286 3375 443 3440; x_wconf 81' lang='lat' dir='ltr'><strong>ecclesiam</strong></span> <span class='ocrx_word' id='word_1_248' title='bbox 462 3373 583 3439; x_wconf 87' lang='lat' dir='ltr'><strong>eiusad</strong></span> <span class='ocrx_word' id='word_1_249' title='bbox 603 3374 752 3436; x_wconf 90' lang='lat' dir='ltr'><strong>honorem</strong></span> <span class='ocrx_word' id='word_1_250' title='bbox 774 3367 997 3453; x_wconf 83' lang='lat' dir='ltr'><strong>patriarchatus</strong></span> <span class='ocrx_word' id='word_1_251' title='bbox 1020 3387 1092 3430; x_wconf 83' lang='lat' dir='ltr'><strong>eve·</strong></span> 
     </span>
     <span class='ocr_line' id='line_1_36' title="bbox 14 3453 1092 3546; baseline -0.008 -25"><span class='ocrx_word' id='word_1_252' title='bbox 14 3453 35 3516; x_wconf 79' lang='lat' dir='ltr'><strong>it</strong></span> <span class='ocrx_word' id='word_1_253' title='bbox 61 3461 191 3546; x_wconf 69' lang='lat' dir='ltr'><strong>mnsqroe</strong></span> <span class='ocrx_word' id='word_1_254' title='bbox 217 3461 399 3544; x_wconf 90' lang='lat' dir='ltr'><strong>episcopum</strong></span> <span class='ocrx_word' id='word_1_255' title='bbox 427 3459 660 3545; x_wconf 87' lang='lat' dir='ltr'><strong>Metrophanem</strong></span> <span class='ocrx_word' id='word_1_256' title='bbox 690 3465 760 3542; x_wconf 86' lang='lat' dir='ltr'><strong>post</strong></span> <span class='ocrx_word' id='word_1_257' title='bbox 779 3453 1020 3517; x_wconf 82' lang='lat' dir='ltr'><strong>Alexandrinum</strong></span> <span class='ocrx_word' id='word_1_258' title='bbox 1043 3470 1092 3512; x_wconf 90' lang='lat' dir='ltr'><strong>se·</strong></span> 
     </span>
     <span class='ocr_line' id='line_1_37' title="bbox 14 3535 1093 3622; baseline -0.006 -20"><span class='ocrx_word' id='word_1_259' title='bbox 14 3559 58 3602; x_wconf 87' lang='lat' dir='ltr'><strong>ere</strong></span> <span class='ocrx_word' id='word_1_260' title='bbox 78 3545 231 3608; x_wconf 89' lang='lat' dir='ltr'><strong>instituit.</strong></span> <span class='ocrx_word' id='word_1_261' title='bbox 274 3543 428 3606; x_wconf 82' lang='lat' dir='ltr'><strong>Hactenus</strong></span> <span class='ocrx_word' id='word_1_262' title='bbox 448 3543 507 3606; x_wconf 89' lang='lat' dir='ltr'><strong>illi.</strong></span> <span class='ocrx_word' id='word_1_263' title='bbox 549 3541 583 3604; x_wconf 92' lang='lat' dir='ltr'><strong>Si</strong></span> <span class='ocrx_word' id='word_1_264' title='bbox 603 3540 707 3622; x_wconf 89' lang='lat' dir='ltr'><strong>lubet,</strong></span> <span class='ocrx_word' id='word_1_265' title='bbox 727 3539 800 3602; x_wconf 84' lang='lat' dir='ltr'><strong>vide</strong></span> <span class='ocrx_word' id='word_1_266' title='bbox 830 3539 922 3600; x_wconf 86' lang='lat' dir='ltr'><strong>etiam</strong></span> <span class='ocrx_word' id='word_1_267' title='bbox 949 3535 988 3598; x_wconf 92' lang='lat' dir='ltr'><strong>de</strong></span> <span class='ocrx_word' id='word_1_268' title='bbox 1018 3553 1093 3596; x_wconf 88' lang='lat' dir='ltr'><strong>eon-</strong></span> 
     </span>
     <span class='ocr_line' id='line_1_38' title="bbox 14 3620 1093 3708; baseline -0.011 -19"><span class='ocrx_word' id='word_1_269' title='bbox 14 3623 141 3691; x_wconf 76' lang='lat' dir='ltr'><strong>ltoribus</strong></span> <span class='ocrx_word' id='word_1_270' title='bbox 166 3641 200 3692; x_wconf 90' lang='lat' dir='ltr'><strong>et</strong></span> <span class='ocrx_word' id='word_1_271' title='bbox 222 3631 351 3690; x_wconf 89' lang='lat' dir='ltr'><strong>nomine</strong></span> <span class='ocrx_word' id='word_1_272' title='bbox 373 3628 459 3690; x_wconf 89' lang='lat' dir='ltr'><strong>urhis</strong></span> <span class='ocrx_word' id='word_1_273' title='bbox 479 3627 590 3699; x_wconf 85' lang='lat' dir='ltr'><strong>huius,</strong></span> <span class='ocrx_word' id='word_1_274' title='bbox 613 3645 692 3708; x_wconf 89' lang='lat' dir='ltr'><strong>quae</strong></span> <span class='ocrx_word' id='word_1_275' title='bbox 716 3623 805 3687; x_wconf 86' lang='lat' dir='ltr'><strong>affert</strong></span> <span class='ocrx_word' id='word_1_276' title='bbox 825 3621 935 3684; x_wconf 86' lang='lat' dir='ltr'><strong>Petrus</strong></span> <span class='ocrx_word' id='word_1_277' title='bbox 955 3620 1093 3694; x_wconf 88' lang='lat' dir='ltr'><strong>Bizarus,</strong></span> 
     </span>
     <span class='ocr_line' id='line_1_39' title="bbox 14 3706 1094 3787; baseline -0.009 -17"><span class='ocrx_word' id='word_1_278' title='bbox 14 3708 133 3776; x_wconf 89' lang='lat' dir='ltr'><strong>istoriae</strong></span> <span class='ocrx_word' id='word_1_279' title='bbox 155 3715 334 3776; x_wconf 88' lang='lat' dir='ltr'><strong>Genuensis</strong></span> <span class='ocrx_word' id='word_1_280' title='bbox 354 3708 407 3777; x_wconf 90' lang='lat' dir='ltr'><strong>lib.</strong></span> <span class='ocrx_word' id='word_1_281' title='bbox 429 3732 478 3774; x_wconf 67' lang='grc' dir='ltr'><strong>ια.</strong></span> <span class='ocrx_word' id='word_1_282' title='bbox 501 3711 533 3772; x_wconf 91' lang='lat' dir='ltr'><strong>in</strong></span> <span class='ocrx_word' id='word_1_283' title='bbox 554 3729 636 3770; x_wconf 91' lang='lat' dir='ltr'><strong>anno</strong></span> <span class='ocrx_word' id='word_1_284' title='bbox 661 3706 749 3787; x_wconf 78' lang='lat'>1453.</span> <span class='ocrx_word' id='word_1_285' title='bbox 790 3707 931 3767; x_wconf 88' lang='lat' dir='ltr'><strong>Vocatur</strong></span> <span class='ocrx_word' id='word_1_286' title='bbox 957 3721 1047 3784; x_wconf 88' lang='lat' dir='ltr'><strong>saepe</strong></span> <span class='ocrx_word' id='word_1_287' title='bbox 1074 3719 1094 3760; x_wconf 90' lang='lat' dir='ltr'><strong>a</strong></span> 
     </span>
     <span class='ocr_line' id='line_1_40' title="bbox 14 3789 1095 3876; baseline -0.014 -17"><span class='ocrx_word' id='word_1_288' title='bbox 14 3798 111 3858; x_wconf 49' lang='lat' dir='ltr'><strong>fraeda</strong></span> <span class='ocrx_word' id='word_1_289' title='bbox 130 3793 270 3876; x_wconf 70' lang='grc' dir='ltr'><strong><em>βασιλὶς</em></strong></span> <span class='ocrx_word' id='word_1_290' title='bbox 289 3795 354 3857; x_wconf 75' lang='grc' dir='ltr'><strong>τῶν</strong></span> <span class='ocrx_word' id='word_1_291' title='bbox 376 3789 509 3858; x_wconf 79' lang='grc' dir='ltr'><strong><em>πόλεων.</em></strong></span> <span class='ocrx_word' id='word_1_292' title='bbox 553 3791 666 3854; x_wconf 87' lang='lat' dir='ltr'><strong>Noster</strong></span> <span class='ocrx_word' id='word_1_293' title='bbox 695 3791 776 3852; x_wconf 82' lang='lat' dir='ltr'><strong>inti-a</strong></span> <span class='ocrx_word' id='word_1_294' title='bbox 790 3811 860 3871; x_wconf 88' lang='lat' dir='ltr'><strong>cap.</strong></span> <span class='ocrx_word' id='word_1_295' title='bbox 882 3808 934 3849; x_wconf 84' lang='lat' dir='ltr'><strong>nr.</strong></span> <span class='ocrx_word' id='word_1_296' title='bbox 952 3801 1095 3866; x_wconf 82' lang='lat' dir='ltr'><strong>anquam</strong></span> 
     </span>
     <span class='ocr_line' id='line_1_41' title="bbox 14 3867 1094 3968; baseline -0.011 -32"><span class='ocrx_word' id='word_1_297' title='bbox 14 3877 159 3945; x_wconf 88' lang='lat' dir='ltr'><strong>nuorilice</strong></span> <span class='ocrx_word' id='word_1_298' title='bbox 180 3880 226 3944; x_wconf 88' lang='lat' dir='ltr'><strong>de</strong></span> <span class='ocrx_word' id='word_1_299' title='bbox 257 3901 311 3942; x_wconf 86' lang='lat' dir='ltr'><strong>ea:</strong></span> <span class='ocrx_word' id='word_1_300' title='bbox 344 3871 438 3941; x_wconf 75' lang='grc' dir='ltr'><em>πόλιν</em></span> <span class='ocrx_word' id='word_1_301' title='bbox 458 3867 542 3938; x_wconf 76' lang='grc' dir='ltr'><strong>οὕτω</strong></span> <span class='ocrx_word' id='word_1_302' title='bbox 574 3869 716 3956; x_wconf 78' lang='grc' dir='ltr'><strong><em>μεγάλην</em></strong></span> <span class='ocrx_word' id='word_1_303' title='bbox 744 3871 801 3932; x_wconf 81' lang='grc' dir='ltr'><strong><em>καί</em></strong></span> <span class='ocrx_word' id='word_1_304' title='bbox 818 3867 1094 3968; x_wconf 70' lang='lat' dir='ltr'><strong>notodoiipmnaz,</strong></span> 
     </span>
     <span class='ocr_line' id='line_1_42' title="bbox 14 3951 1095 4046; baseline -0.019 -17"><span class='ocrx_word' id='word_1_305' title='bbox 14 3955 214 4046; x_wconf 60' lang='grc' dir='ltr'><strong><em>ῑῖχρὴμασι</em></strong></span> <span class='ocrx_word' id='word_1_306' title='bbox 232 3961 290 4024; x_wconf 78' lang='grc' dir='ltr'><strong><em>καί</em></strong></span> <span class='ocrx_word' id='word_1_307' title='bbox 309 3953 418 4035; x_wconf 76' lang='grc' dir='ltr'><strong><em>ὅπλοις</em></strong></span> <span class='ocrx_word' id='word_1_308' title='bbox 433 3953 709 4040; x_wconf 73' lang='lat' dir='ltr'><strong>xainrpursoiwsc</strong></span> <span class='ocrx_word' id='word_1_309' title='bbox 728 3955 958 4034; x_wconf 79' lang='grc' dir='ltr'><strong>δυνατωτατην.</strong></span> <span class='ocrx_word' id='word_1_310' title='bbox 978 3951 1095 4012; x_wconf 74' lang='lat' dir='ltr'><strong>tecum</strong></span> 
     </span>
     <span class='ocr_line' id='line_1_43' title="bbox 14 4031 1093 4131; baseline -0.01 -29"><span class='ocrx_word' id='word_1_311' title='bbox 14 4043 69 4106; x_wconf 87' lang='lat' dir='ltr'><strong>aud</strong></span> <span class='ocrx_word' id='word_1_312' title='bbox 92 4045 307 4131; x_wconf 82' lang='lat' dir='ltr'><strong>inelegantem</strong></span> <span class='ocrx_word' id='word_1_313' title='bbox 329 4043 500 4108; x_wconf 87' lang='lat' dir='ltr'><strong>adscribam</strong></span> <span class='ocrx_word' id='word_1_314' title='bbox 521 4063 556 4104; x_wconf 84' lang='lat' dir='ltr'><strong>ex</strong></span> <span class='ocrx_word' id='word_1_315' title='bbox 576 4038 704 4124; x_wconf 88' lang='lat' dir='ltr'><strong>epistola</strong></span> <span class='ocrx_word' id='word_1_316' title='bbox 726 4036 874 4100; x_wconf 87' lang='lat' dir='ltr'><strong>Matthaei</strong></span> <span class='ocrx_word' id='word_1_317' title='bbox 889 4031 1093 4110; x_wconf 85' lang='lat' dir='ltr'><strong>Camariotae,</strong></span> 
     </span>
     <span class='ocr_line' id='line_1_44' title="bbox 14 4115 1095 4210; baseline -0.012 -22"><span class='ocrx_word' id='word_1_318' title='bbox 14 4149 46 4188; x_wconf 86' lang='lat' dir='ltr'><strong>na</strong></span> <span class='ocrx_word' id='word_1_319' title='bbox 67 4129 384 4210; x_wconf 85' lang='lat' dir='ltr'><strong>Constantinopolim</strong></span> <span class='ocrx_word' id='word_1_320' title='bbox 408 4149 426 4190; x_wconf 92' lang='lat' dir='ltr'><strong>a</strong></span> <span class='ocrx_word' id='word_1_321' title='bbox 447 4127 559 4189; x_wconf 87' lang='lat' dir='ltr'><strong>Turois</strong></span> <span class='ocrx_word' id='word_1_322' title='bbox 578 4121 737 4186; x_wconf 87' lang='lat' dir='ltr'><strong>subactam</strong></span> <span class='ocrx_word' id='word_1_323' title='bbox 757 4119 957 4179; x_wconf 83' lang='lat' dir='ltr'><strong>lamentatur:</strong></span> <span class='ocrx_word' id='word_1_324' title='bbox 982 4115 1095 4176; x_wconf 66' lang='lat' dir='ltr'><strong>&amp;man</strong></span> 
     </span>
    </p>
   </div>
   <div class='ocr_carea' id='block_1_6' title="bbox 14 4205 1091 4300">
    <p class='ocr_par' dir='ltr' id='par_1_8' title="bbox 14 4205 1091 4300">
     <span class='ocr_line' id='line_1_45' title="bbox 14 4205 1091 4300; baseline -0.007 -28"><span class='ocrx_word' id='word_1_325' title='bbox 14 4211 69 4274; x_wconf 77' lang='lat' dir='ltr'><strong>nbis</strong></span> <span class='ocrx_word' id='word_1_326' title='bbox 83 4213 263 4300; x_wconf 75' lang='lat' dir='ltr'><strong>praesidia</strong></span> <span class='ocrx_word' id='word_1_327' title='bbox 288 4227 318 4279; x_wconf 84' lang='lat' dir='ltr'><strong>et</strong></span> <span class='ocrx_word' id='word_1_328' title='bbox 341 4209 627 4283; x_wconf 68' lang='lat' dir='ltr'><strong>omniasemel</strong></span> <span class='ocrx_word' id='word_1_329' title='bbox 665 4225 724 4270; x_wconf 80' lang='lat' dir='ltr'><strong>tuto</strong></span> <span class='ocrx_word' id='word_1_330' title='bbox 751 4205 868 4288; x_wconf 51' lang='lat' dir='ltr'><strong>r&#39;trrpetn¹</strong></span> <span class='ocrx_word' id='word_1_331' title='bbox 892 4213 993 4284; x_wconf 76' lang='lat' dir='ltr'><strong>erepta</strong></span> <span class='ocrx_word' id='word_1_332' title='bbox 1017 4210 1091 4264; x_wconf 79' lang='lat' dir='ltr'><strong>mant.</strong></span> 
     </span>
    </p>
   </div>
   <div class='ocr_carea' id='block_1_7' title="bbox 0 0 1432 4936">
    <p class='ocr_par' dir='ltr' id='par_1_9' title="bbox 0 0 1432 4936">
     <span class='ocr_line' id='line_1_46' title="bbox 0 0 1432 4936; baseline 0 2"><span class='ocrx_word' id='word_1_333' title='bbox 0 0 1432 4936; x_wconf 95' lang='lat' dir='ltr'><strong> </strong></span> 
     </span>
    </p>
   </div>
  </div>
 </body>
</html>
