2874 4944
284 378 287 388 .
339 295 423 398 452
723 313 1034 396 sunoraunonas
1086 275 1092 280 ’

422 475 649 560 Pagarum.
670 498 714 538 rte
750 475 849 538 lites
873 487 909 534 et
936 471 1247 534 controversiae
1275 447 1378 529 uurse-

338 575 487 626 rentur.
529 559 629 622 Aliter
660 571 691 620 et
714 558 836 642 quidenna
865 559 973 618 iustius
1003 555 1073 615 fecit
1102 555 1217 613 Aratus
1237 552 1378 634 Sicyonius:
1418 613 1419 626 ,

240 643 243 651 '
338 665 395 704 nec
416 644 554 720 mirum,
577 644 648 726 quia
670 643 790 726 longius
809 637 1003 702 intervallum
1019 637 1080 712 50,
1101 657 1196 718 quam
1215 634 1248 697 6.
1259 655 1378 703 eunoun,

241 773 245 788 .
338 730 467 789 maiores
487 732 668 788 mutationes
689 727 836 787 effecerat.
861 724 943 805 Ergo
963 725 1006 798 is,
1029 741 1098 780 cum
1123 721 1188 780 eius
1207 721 1313 779 civitas
1327 721 1380 798 quin

340 811 483 894 quaginta
504 831 599 872 annos
624 831 643 872 a
671 811 807 892 tyrannis
828 817 1001 882 teneretur,
1033 803 1186 885 proiectus
1206 801 1298 884 Argis
1316 800 1380 882 Siqo

338 915 432 970 nem,
453 893 638 956 clandestino
657 895 783 954 introitu
796 892 872 952 urbe
893 901 937 952 est
957 888 1077 974 potitus.
1099 885 1178 947 Cum
1221 896 1381 967 etyrauuun

337 975 491 1038 Nicoclem
517 978 683 1060 improviso
714 977 923 1059 oppressisset,
961 981 1148 1033 sexcentose
1201 988 1251 1046 es,
1282 965 1381 1050 quisue

337 1071 407 1122 rant
428 1063 492 1123 eius
511 1062 640 1122 civitatis
663 1059 911 1142 locupletissimi,
933 1055 1082 1132 restituit,
1114 1071 1240 1134 remque
1269 1049 1383 1132 publioan

338 1145 473 1206 adventu
499 1163 554 1206 suo
585 1143 734 1204 liberavit.
774 1143 834 1203 Sed
864 1159 934 1202 cum
954 1158 1094 1222 maguam
1115 1133 1383 1197 animadvertereta

337 1227 425 1290 bonis
445 1237 476 1288 et
495 1227 732 1310 possessionibus
754 1223 986 1300 difficultatem,
1018 1219 1102 1304 quod
1121 1231 1152 1280 et
1172 1240 1242 1296 eos,
1263 1238 1334 1299 quos
1348 1218 1384 1296 ipe

336 1315 530 1389 restituerat,
544 1331 674 1394 quorum
696 1309 776 1370 bona
798 1308 851 1370 alii
871 1305 1085 1391 possederant,
1100 1323 1188 1386 egere
1201 1301 1385 1382 iniquissimo

337 1394 563 1468 arbitrabatur,
588 1405 620 1455 et
646 1395 867 1476 quinquaginta
894 1409 1045 1450 annorum
1073 1388 1275 1469 possessiones
1300 1401 1385 1442 mouet

337 1499 401 1540 non
422 1479 511 1538 nimis
531 1498 664 1560 aequum
687 1476 833 1558 putabat,
866 1484 1027 1556 propterea
1047 1469 1131 1554 quod
1151 1479 1215 1532 tam
1239 1465 1328 1550 longo
1345 1483 1385 1544 spt-

336 1564 381 1622 tio
402 1560 498 1622 multa
518 1559 753 1638 hereditatibus,
790 1557 887 1620 multa
919 1555 1140 1638 emptionibus,
1174 1550 1275 1614 multa
1303 1547 1386 1611 dotto

335 1643 518 1706 tenebantur
537 1646 603 1705 sine
627 1644 763 1706 iniuria:
790 1641 936 1704 iudicavit
965 1659 1063 1721 neque
1083 1635 1143 1698 illis
1176 1636 1295 1706 adimi,
1325 1651 1386 1712 noque

337 1727 468 1790 bisunu
491 1727 647 1805 satisfieri,
670 1747 801 1810 quonum
825 1724 879 1786 illa
908 1725 1047 1796 fluerunt,
1076 1730 1227 1803 oportere.
1269 1716 1342 1778 Com
1354 1715 1387 1796 igi·

336 1821 389 1872 tur
408 1812 579 1887 statuisset,
602 1831 677 1893 opus
697 1831 761 1871 esse
780 1810 819 1872 ud
840 1829 907 1870 eam
931 1825 997 1868 rem
1018 1802 1263 1867 conmituendam
1278 1797 1385 1882 pecunia,

337 1893 553 1956 Alexandriam
574 1915 606 1956 se
626 1894 775 1978 proficisci
797 1891 875 1955 velle
894 1891 970 1954 dixit
983 1935 993 1968 ,
1005 1907 1130 1972 remque
1150 1888 1298 1967 integram
1317 1882 1349 1944 ad
1361 1901 1386 1939 re

336 1978 436 2038 ditum
456 1999 545 2040 suum
565 1979 651 2040 iussit
671 1999 759 2040 esses
784 1978 872 2060 isque
891 1974 1031 2038 celeriter
1050 1973 1089 2033 ad
1111 1969 1320 2032 Ptolemaeum
1332 1983 1386 2026 sunu

335 2059 486 2143 hospitem
512 2061 617 2139 veuit,
648 2062 702 2144 qui
736 2071 803 2122 tum
827 2059 972 2142 regnabat
1001 2055 1078 2117 alter
1110 2065 1181 2137 post
1210 2050 1388 2112 Alexandnnn

336 2145 510 2205 conditum:
543 2146 594 2204 cui
622 2166 694 2206 cum
724 2145 928 2228 exposuisset,
959 2141 1088 2225 patriam
1120 2159 1152 2199 se
1175 2133 1306 2196 liberare
1322 2127 1387 2204 nelle,

337 2247 518 2310 causamque
532 2226 703 2307 docuisset,
740 2249 759 2290 a
782 2249 854 2311 rege
871 2223 1017 2308 opulento
1036 2223 1085 2284 vir
1099 2241 1239 2283 summos
1259 2214 1338 2277 facile
1355 2216 1388 2272 in·

237 2318 241 2326 ’
336 2313 484 2394 patravit,
516 2321 552 2371 ut
572 2311 679 2394 pandi
700 2313 829 2394 pecunia
857 2311 1064 2372 adiuvaretur.
1105 2305 1208 2383 Quam
1229 2322 1299 2361 cum
1318 2300 1389 2379 Sicyo

337 2413 408 2455 nem
428 2393 595 2473 attulisset,
617 2393 756 2456 adbibuit
775 2396 833 2456 sibi
848 2395 879 2454 io
895 2391 1056 2454 consilium
1072 2387 1250 2472 quindecim
1263 2383 1389 2466 principe,

337 2497 409 2538 cum
430 2478 539 2560 quibus
561 2497 666 2540 causas
686 2483 828 2580 cognovit
848 2490 879 2541 et
900 2497 1027 2549 eornm,
1049 2475 1102 2556 qui
1121 2469 1223 2530 aliena
1242 2464 1390 2534 detinebant,

337 2571 369 2622 et
388 2583 505 2638 eorum,
528 2564 581 2644 qui
601 2583 655 2623 sua
675 2571 858 2624 amuseraut:
880 2559 1068 2644 perfecitque
1094 2551 1287 2616 aestimandis
1306 2563 1389 2630 poan·

338 2645 492 2722 sionibus,
517 2655 553 2704 ut
572 2647 764 2728 persuaderet
785 2645 870 2724 aliis,
892 2655 928 2706 ut
947 2642 1109 2725 pecuniam
1131 2639 1270 2717 accipere
1301 2627 1390 2691 mallent

339 2739 369 2790 et
398 2729 632 2811 possessionibus
666 2731 830 2804 cederent,
867 2725 953 2806 eliis,
982 2735 1018 2786 ut
1046 2719 1237 2784 commodius
1266 2721 1389 2800 putarent,

233 2875 240 2890 ,
337 2814 491 2874 numerari
512 2813 592 2892 sibi,
616 2815 698 2896 quod
717 2814 795 2875 tanti
816 2821 919 2890 esset,
938 2829 1030 2892 quam
1051 2825 1140 2867 suum
1165 2817 1345 2884 recuperare.
1363 2793 1390 2852 ltu

336 2897 504 2980 perlectum
524 2907 587 2972 est,
617 2907 653 2958 ut
680 2919 803 2972 omnes,
825 2897 987 2956 constituta
1016 2887 1200 2962 concordia,
1225 2885 1289 2946 siue
1303 2873 1390 2964 quereb

338 2979 534 3046 discederent.
560 2979 642 3041 Haec
663 2981 724 3043 Cic.
738 3005 767 3043 a.
783 2979 845 3048 Off.
867 2997 1000 3040 rossan.

423 3063 652 3144 fag-312,²2·
678 3067 832 3131 veniam
864 3061 1063 3149 episcopis.
1100 3056 1273 3137 Gregorasr
1292 3039 1389 3136 tout

338 3169 399 3219 non
418 3149 519 3214 moltis
536 3146 637 3211 diebus
654 3167 744 3237 post,
767 3151 884 3211 Isaeum
899 3144 1104 3232 patriar-cluam
1123 3137 1288 3212 conuenit,
1301 3150 1333 3192 oc
1345 3145 1388 3210 pu·

341 3259 423 3300 mum
443 3241 473 3300 ei
492 3239 613 3318 umdet,
631 3253 663 3300 ut
678 3239 756 3298 iram
770 3235 911 3296 adversus
936 3231 1087 3316 episcopos
1107 3223 1241 3306 deponas
1273 3229 1301 3276 et
1321 3229 1388 3300 W

338 3325 405 3388 lum
423 3325 579 3385 interdicto
599 3323 708 3388 solvat.
750 3319 853 3404 Neque
872 3317 953 3376 enim
964 3333 1028 3398 par
1052 3327 1128 3381 esse,
1154 3325 1223 3364 aum
1244 3301 1304 3384 ipse
1321 3311 1389 3355 ow

339 3407 391 3467 bus
416 3409 520 3469 omnia
541 3407 740 3484 condonaret,
770 3403 818 3464 ad
864 3419 930 3459 uem
952 3395 1075 3482 publiea
1101 3389 1212 3449 delicto
1238 3383 1386 3468 spectatfflfu

338 3491 426 3552 silum
448 3490 657 3574 patriarcham
678 3503 708 3548 et
728 3489 813 3568 pacis
853 3497 981 3542 ociorem
996 3479 1076 3538 alere
1090 3471 1271 3546 simultates,
1293 3483 1338 3524 nec
1351 3472 1388 3515 Μ

337 3571 422 3634 iram
441 3575 573 3635 occidere
596 3585 639 3633 tot
665 3571 771 3632 solibus
792 3565 1004 3637 occidentibus,
1037 3577 1104 3618 cuns
1125 3575 1163 3615 ne
1188 3571 1262 3641 artus
1284 3541 1386 3632 quiden,

339 3657 469 3720 ductante
489 3657 571 3717 illias
582 3657 641 3731 ira,
659 3654 792 3716 occidere
805 3651 931 3711 deberet.
954 3663 1087 3708 ronunu.

424 3740 624 3824 raptres.
641 3733 920 3822 proditoribus
935 3720 1150 3813 supplicia.
1173 3701 1387 3800 Gregoras=st⁴

337 3825 408 3888 inde
424 3825 469 3884 ad
480 3827 621 3889 altionem
634 3835 663 3883 et
676 3817 910 3905 persequtionem
926 3813 1128 3896 episcoporum
1139 3815 1169 3864 et
1188 3799 1388 3889 presbyterio&

338 3919 369 3969 se
389 3910 549 3982 convertit,
580 3927 680 3967 eoram
703 3925 738 3964 ue
768 3902 839 3961 aliis
858 3897 1025 3960 sacerdotio
1046 3891 1094 3952 ad
1111 3899 1205 3949 ceruos
1224 3901 1312 3944 mmor
1326 3885 1388 3962 rato*

339 3993 439 4064 dixit,
454 3991 526 4052 aliis
545 4013 633 4076 uosque
651 3927 702 4048 a]
713 3985 830 4048 obituum
850 3981 1056 4053 Seoueriane,
1077 3991 1150 4059 quos
1173 3969 1267 4029 leviro
1282 3959 1386 4025 ruffi

339 4074 403 4134 Sed
417 4087 451 4171 rut
457 4075 567 4159 pausis
591 4065 765 4147 absolutum,
791 4064 907 4130 nemini
918 4061 1027 4125 veteris
1046 4053 1238 4142 mperatum
1254 4044 1337 4110 stud&
1350 4049 1386 4118 l*

335 4169 443 4240 petunt.
465 4176 597 4221 uonrnn.
867 4159 870 4172 '

422 4235 628 4320 Pag.515,6.
653 4231 839 4315 λέγοπαΜ.
863 4241 894 4294 et
916 4229 972 4292 lin.
987 4226 1017 4291 5.
1032 4219 1159 4288 ἐκείνων
1179 4237 1234 4304 pro
1252 4204 1350 4274 adsuit.
