2944 4934
331 311 420 417 546
721 339 1034 406 assorauouss

328 498 465 578 rogantia
486 495 670 556 Graecorum
692 503 722 554 et
748 499 812 579 ipse
834 495 924 556 etiam
945 495 1206 556 schismaticorum
1226 499 1335 580 genius
1357 497 1404 556 La·

326 583 406 640 tinos
428 599 446 638 a
467 577 602 639 Concilio
631 597 737 639 rursus
768 580 904 661 cogendo
939 579 1107 640 absterrere
1133 581 1246 640 merito
1282 591 1403 662 poterat.

328 665 403 724 Cum
424 663 578 723 nueltitudo
609 664 651 723 ita
677 663 854 752 confirmata
885 663 967 724 etin
988 662 1062 748 fide
1086 663 1194 749 ἅψεα
1223 665 1292 740 sit,
1320 666 1407 746 inquit

328 747 535 808 schismaticus
556 747 715 830 Gregoras,
734 747 786 830 qui
808 747 865 807 hoc
886 749 950 830 ipso
974 757 1110 828 tempore
1129 745 1269 822 vivebat,
1291 751 1408 824 uesani

326 831 607 910 nuturamsncilius
626 845 728 904 mittes,
749 851 838 915 quam
859 852 907 890 eos
925 831 1083 914 pusrlrtlum
1111 847 1134 890 a
1158 833 1275 914 patriis
1293 831 1408 912 dogma-
1465 807 1466 898 l

326 915 400 975 tibris
420 915 566 975 abducas:
589 913 665 1000 quid
682 933 754 999 opus
776 928 819 975 est
838 914 1084 997 disprrtationibus
1103 917 1153 994 (et
1174 911 1349 988 Consiliis)
1371 919 1408 975 ni·
1465 899 1466 926 ¹

325 999 372 1058 lu'l
401 997 593 1082 profirturis?
637 995 678 1059 Ut
708 999 789 1059 enim
821 1007 851 1058 et
877 999 939 1081 ipse
969 994 1098 1080 apostoli
1120 997 1220 1057 verbu
1255 1011 1408 1081 oppormu

325 1095 404 1158 utar,
428 1103 601 1166 persuasum
623 1083 739 1158 habeo,
763 1103 856 1166 neqrre
876 1093 1024 1158 utorium,
1055 1102 1148 1168 aeque
1175 1083 1309 1157 uitam,
1332 1104 1408 1165 nepa

325 1165 459 1246 angelos,
484 1185 577 1249 nequae
596 1167 799 1250 principatus,
819 1185 911 1250 neqrre
924 1177 1090 1247 potestates,
1110 1185 1204 1248 neque
1222 1170 1404 1248 praesentio,
1465 1185 1466 1230 ι

324 1271 362 1308 ne
382 1271 418 1308 ue
434 1245 564 1330 fimua,
587 1271 679 1334 neqrre
698 1248 905 1322 altitudinem,
931 1267 1027 1333 neque
1044 1247 1311 1331 profunditatem,
1331 1270 1408 1330 nepe

325 1273 423 1392 ulsz
439 1333 537 1392 oliam
559 1346 729 1394 ereaturam
740 1353 876 1415 possepo
906 1331 978 1391 ilum
998 1351 1020 1391 a
1056 1333 1144 1392 ants
1155 1332 1305 1392 insonuit
1318 1345 1348 1391 ct
1361 1333 1407 1391 de-
1465 1373 1466 1380 κ

323 1415 573 1481 urtzsabdrrerre.
590 1417 672 1478 llaec
685 1415 863 1497 Gregorasa
899 1415 987 1476 finam
1003 1353 1056 1476 liii
1072 1436 1118 1477 ro.
1135 1413 1406 1496 hiseayzanuaae

405 1499 574 1560 Levitntcm
594 1499 742 1560 Graecam
758 1499 858 1582 arguit
878 1509 941 1560 tam
960 1498 1068 1560 crebra
1088 1497 1128 1559 ad
1144 1499 1303 1559 vomitum
1316 1519 1408 1559 rera-
1465 1531 1466 1584 p

323 1583 377 1645 sio.
419 1583 546 1660 Quoties
580 1581 619 1643 ab
646 1581 800 1644 erroribus
834 1583 979 1660 extracti,
1009 1584 1042 1642 iu
1070 1601 1187 1643 errores
1215 1580 1410 1642 reciderunt?
1465 1589 1466 1626 t

321 1666 381 1725 Vix
403 1664 527 1726 domum
549 1677 697 1728 venerant
727 1687 761 1728 ex
783 1663 920 1728 Concilio
948 1664 1150 1743 Florentino,
1182 1675 1215 1726 et
1235 1665 1411 1728 marlidam
1465 1631 1466 1704 l

321 1747 439 1832 Latinis
460 1749 562 1810 datam
583 1749 746 1812 violarunt.
792 1751 907 1812 Graeci
925 1749 1044 1810 donum
1062 1749 1186 1826 reuersi,
1209 1751 1318 1832 inquit
1337 1751 1408 1808 Lao-

321 1833 408 1893 nicus
429 1832 483 1895 lib.
503 1831 544 1909 6.,
566 1853 627 1896 non
655 1835 878 1918 amphitritis,
908 1853 986 1918 quoe
1014 1843 1217 1895 convenerunt
1248 1837 1284 1894 in
1306 1833 1407 1904 lectu,

320 1929 399 1978 stare
409 1918 592 1978 uoluerunt.-
615 1916 673 1978 sed
683 1916 933 2004 apprehendentes
951 1919 1127 1978 semustam
1138 1916 1410 1992 ruminantis

320 2014 391 2061 nint
414 1991 597 2082 ampliaria
623 2001 776 2083 religionis
802 2001 920 2082 negotio
947 2001 1110 2062 adhoemre
1132 2001 1292 2065 Romanis.
1333 1999 1411 2059 Hanc

320 2097 414 2143 motus
433 2086 575 2166 pontffen
597 2085 746 2146 Romanus
767 2087 851 2146 viros
875 2083 1021 2169 qrrosdnm
1050 2084 1151 2146 doctos
1166 2085 1354 2162 Byzarmbn
1373 2081 1412 2142 ad
1465 2099 1466 2156 ξ

323 2165 455 2226 Graecos
478 2169 584 2244 misit,
615 2181 650 2229 ut
671 2189 738 2228 cum
767 2169 812 2228 his
834 2167 867 2228 t'n
888 2167 965 2228 collo
986 2168 1066 2228 ιιίιιηι
1085 2169 1245 2244 sentient,
1274 2169 1333 2252 qui
1349 2167 1409 2249 φέ-
1465 2195 1466 2272 p

319 2247 389 2307 dem
407 2249 552 2329 synodrun
573 2263 602 2310 et
627 2251 834 2324 corwordr'am,
857 2253 889 2310 in
909 2251 941 2311 It
973 2253 1006 2311 ia
1022 2253 1166 2334 sartam,
1196 2271 1258 2312 non
1277 2250 1411 2310 admitto·
1465 2295 1466 2304 a

320 2331 401 2392 burst.
445 2331 528 2392 Nam
560 2331 685 2395 Marcus
707 2335 824 2418 Ephesi
843 2357 859 2394 e
881 2335 995 2414 ucopus
1018 2349 1049 2396 et
1073 2335 1257 2396 Scholastica
1281 2335 1412 2394 Graeco·

319 2435 387 2476 runt
407 2415 605 2495 doctissimus,
626 2438 664 2478 nc
687 2419 809 2502 quidem
831 2355 880 2478 oi
889 2419 974 2479 initio
988 2419 1169 2480 Latinomm
1192 2418 1331 2499 dogmati
1343 2439 1411 2476 oon·

318 2519 431 2560 sensum
452 2513 606 2583 praestare
629 2500 795 2564 volitarunt.
844 2499 906 2563 Ubi
922 2501 969 2562 od
986 2503 1168 2588 eolloqru'um
1187 2515 1218 2562 et
1234 2501 1412 2585 ‹disputatur-

318 2603 388 2642 ncrn
411 2597 530 2645 uentum
550 2595 602 2658 est,
626 2583 757 2646 Romani
773 2583 854 2648 nihil
871 2581 989 2668 efficere
1003 2597 1171 2671 potarenort,
1194 2607 1299 2645 aremus
1321 2585 1411 2644 retir-

304 2667 396 2743 serta
413 2667 533 2728 domoon
551 2667 664 2728 reuersi
675 2681 749 2730 saort.
793 2669 875 2729 Haec
896 2669 934 2730 de
944 2669 1132 2731 Graecorum
1152 2668 1277 2730 levitate
1296 2679 1332 2728 et
1346 2687 1412 2726 ser-
1465 2689 1466 2712 1

319 2750 397 2810 satili
424 2753 545 2834 ingenio
566 2751 739 2828 Laonicus,
762 2751 898 2814 Graecus
920 2753 992 2836 ipse.
1045 2752 1139 2831 Quod
1160 2751 1267 2812 scribit
1289 2751 1333 2811 de
1354 2753 1412 2810 Ge·

317 2833 404 2915 orgio
429 2833 608 2910 Scholario,
638 2838 691 2916 qui
723 2846 827 2918 postea
857 2835 1030 2918 patriarcha
1056 2833 1413 2917 constantinopolitannm
1465 2865 1466 2922 p

317 2915 416 2978 faetus
437 2917 587 2978 Gennadii
606 2939 718 2979 nomen
740 2923 913 3002 assumpsit,
935 2919 967 2980 id
986 2919 1095 2980 falsum
1118 2929 1182 2993 est,
1205 2919 1233 2979 si
1254 2917 1334 2979 velit
1356 2921 1411 2978 la·

317 3003 426 3062 onicus
448 2999 640 3063 Scholarium
659 3001 788 3064 decretis
819 3001 928 3086 synodi
958 3003 1155 3066 Florentinae
1182 3023 1346 3086 nunqnam
1365 3023 1412 3060 as-

317 3105 439 3146 sensum
461 3107 525 3146 esse
547 3088 643 3146 instar
673 3089 769 3149 Marci
798 3085 879 3148 illius
906 3087 1064 3170 Ephesini.
1113 3087 1185 3148 Non
1220 3089 1306 3147 enim
1343 3085 1414 3146 satis

316 3165 426 3230 habuit
449 3189 602 3230 assensum
627 3171 830 3252 praebuisse,
857 3170 911 3232 sed
939 3181 970 3232 et
994 3173 1118 3252 insuper
1145 3170 1356 3231 doctissimam
1382 3177 1413 3227 et
1465 3213 1466 3218 η

316 3250 533 3314 validissimam
554 3251 723 3336 apologiam
756 3277 813 3337 pro
846 3255 972 3318 decretis
992 3253 1120 3316 Consilii
1151 3253 1233 3314 illius
1267 3252 1415 3314 adversas
1465 3291 1466 3330 3

317 3333 448 3398 Graecos
469 3337 572 3414 edidit,
599 3359 677 3419 qrrae
697 3339 806 3399 Latine
826 3349 931 3400 exstat.
975 3339 1040 3400 Nec
1061 3335 1221 3422 probabile
1242 3348 1310 3414 ert,
1331 3333 1412 3417 quod
1465 3331 1466 3358 ¹

316 3429 422 3480 auctor
441 3417 680 3502 Turoograeciae
700 3422 763 3483 sine
787 3433 912 3484 auctore
925 3421 1072 3506 prodidit,
1090 3418 1284 3482 scholarium
1309 3431 1413 3500 postu

315 3502 501 3589 improbasse
521 3503 640 3565 decreta
661 3505 789 3590 Synodi.
831 3505 925 3567 Unde
956 3508 1037 3567 enim
1067 3505 1127 3566 hoc
1147 3513 1268 3564 constat
1299 3503 1348 3564 illi
1365 3522 1413 3561 se·

315 3586 440 3650 ctario?
482 3587 558 3646 Nam
578 3587 740 3664 Laonicus,
764 3611 856 3672 quem
876 3588 975 3669 citat,
1009 3610 1073 3651 non
1094 3587 1169 3648 dicit
1198 3609 1271 3648 eum
1295 3585 1414 3647 dissen-

315 3669 412 3751 sisse,
444 3683 605 3754 postquam
628 3695 765 3735 assensus
787 3674 904 3748 fuerat,
926 3672 979 3734 sed
999 3673 1040 3734 ab
1060 3673 1147 3732 initio
1170 3691 1233 3730 non
1254 3689 1412 3731 asseram

314 3773 389 3832 esse,
410 3753 494 3838 quod
518 3777 577 3837 qua
598 3759 714 3817 ratione
736 3779 842 3818 vestrm
866 3758 916 3835 sit,
937 3755 1029 3840 paulo
1049 3765 1139 3815 antea
1159 3752 1411 3836 explicatum&-

315 3836 413 3900 lmmo
437 3839 614 3902 Gennadius
641 3841 810 3924 apologiam
833 3862 891 3922 pro
921 3837 1059 3900 Concilio
1079 3858 1144 3898 non
1173 3839 1353 3918 conscripsit
1376 3838 1410 3894 in
1465 3885 1466 3916 ζ

314 3917 380 4002 ipso
391 3921 538 4001 Concilio,
550 3921 602 3984 sed
617 3937 734 4006 postea,
749 3946 820 3986 oum
834 3926 974 3984 Graecia
989 3933 1072 3994 recto
1096 3923 1223 3983 tramite
1242 3920 1407 3982 resilir'mt.
1465 3953 1466 3974 1

396 4005 530 4086 Fastus,
564 4009 735 4092 arrogantia
765 4020 795 4069 et
819 4007 946 4069 ambitio
971 4009 1159 4068 Graecorum
1187 4003 1239 4066 vel
1259 4005 1333 4064 inde
1351 4021 1412 4082 po·
1465 4033 1466 4040 κ

315 4087 464 4152 tissimum
486 4089 593 4170 elucet,
614 4091 697 4174 quod
717 4089 794 4154 nihil
807 4113 867 4154 non
881 4101 1051 4168 tentarunt,
1066 4101 1102 4150 ut
1114 4086 1313 4174 patriarchae
1327 4085 1409 4144 saro·

314 4173 581 4256 stantinopolitano
607 4178 721 4255 primas
752 4173 966 4250 vindicarent,
994 4175 1114 4234 tametsi
1146 4172 1265 4254 legibus
1296 4169 1409 4229 divinis

313 4250 514 4341 humanisque
533 4259 646 4323 invitis.
686 4259 792 4341 Quare
811 4279 881 4323 cum
902 4257 1029 4321 inficiari
1050 4277 1114 4320 nou
1134 4263 1272 4342 possent,
1292 4254 1406 4317 nme·
