<?xml version="1.0" encoding="UTF-8"?>
<!DOCTYPE html PUBLIC "-//W3C//DTD XHTML 1.0 Transitional//EN"
    "http://www.w3.org/TR/xhtml1/DTD/xhtml1-transitional.dtd">
<html xmlns="http://www.w3.org/1999/xhtml" xml:lang="en" lang="en">
 <head>
  <title>
</title>
<meta http-equiv="Content-Type" content="text/html;charset=utf-8" />
  <meta name='ocr-system' content='tesseract 3.04.00' />
  <meta name='ocr-capabilities' content='ocr_page ocr_carea ocr_par ocr_line ocrx_word'/>
</head>
<body>
  <div class='ocr_page' id='page_1' title='image "./ioanniscantacuz02niebgoog_0314.png"; bbox 0 0 2892 4932; ppageno 0'>
   <div class='ocr_carea' id='block_1_1' title="bbox 338 329 1106 426">
    <p class='ocr_par' dir='ltr' id='par_1_1' title="bbox 338 329 1106 426">
     <span class='ocr_line' id='line_1_1' title="bbox 338 329 1106 426; baseline -0.005 -28"><span class='ocrx_word' id='word_1_1' title='bbox 338 329 624 400; x_wconf 76' lang='lat' dir='ltr'>ulsrouuuuu</span> <span class='ocrx_word' id='word_1_2' title='bbox 651 336 705 401; x_wconf 77' lang='lat' dir='ltr'>lv.</span> <span class='ocrx_word' id='word_1_3' title='bbox 734 341 786 408; x_wconf 84' lang='grc' dir='ltr'>ιο.</span> <span class='ocrx_word' id='word_1_4' title='bbox 1024 338 1106 426; x_wconf 82' lang='lat'>297</span> 
     </span>
    </p>
   </div>
   <div class='ocr_carea' id='block_1_2' title="bbox 11 479 1266 2477">
    <p class='ocr_par' dir='ltr' id='par_1_2' title="bbox 40 479 1266 675">
     <span class='ocr_line' id='line_1_2' title="bbox 40 479 1266 574; baseline -0.006 -20"><span class='ocrx_word' id='word_1_5' title='bbox 40 491 189 574; x_wconf 88' lang='grc' dir='ltr'><strong><em>βουλεύω,</em></strong></span> <span class='ocrx_word' id='word_1_6' title='bbox 219 479 294 554; x_wconf 84' lang='grc' dir='ltr'><strong><em>ούτε</em></strong></span> <span class='ocrx_word' id='word_1_7' title='bbox 316 485 396 572; x_wconf 88' lang='grc' dir='ltr'><strong><em>πρύς</em></strong></span> <span class='ocrx_word' id='word_1_8' title='bbox 417 481 592 571; x_wconf 75' lang='grc' dir='ltr'><strong><em>ἀπέχθειαν</em></strong></span> <span class='ocrx_word' id='word_1_9' title='bbox 619 481 727 553; x_wconf 81' lang='grc' dir='ltr'><strong><em>αύτύν</em></strong></span> <span class='ocrx_word' id='word_1_10' title='bbox 751 481 878 564; x_wconf 82' lang='grc' dir='ltr'><strong><em>ούδενύς</em></strong></span> <span class='ocrx_word' id='word_1_11' title='bbox 898 485 1266 573; x_wconf 63' lang='grc' dir='ltr'><strong><em>άπολειλιομαιλῦ.ἰ354</em></strong></span> 
     </span>
     <span class='ocr_line' id='line_1_3' title="bbox 41 581 1111 675; baseline 0.004 -23"><span class='ocrx_word' id='word_1_12' title='bbox 41 585 130 675; x_wconf 82' lang='grc' dir='ltr'><strong><em>ύμύν,</em></strong></span> <span class='ocrx_word' id='word_1_13' title='bbox 171 591 239 656; x_wconf 72' lang='grc' dir='ltr'><strong><em>ἀλλ’</em></strong></span> <span class='ocrx_word' id='word_1_14' title='bbox 262 582 355 664; x_wconf 85' lang='grc' dir='ltr'><strong><em>αύτὸς</em></strong></span> <span class='ocrx_word' id='word_1_15' title='bbox 375 611 410 653; x_wconf 87' lang='grc' dir='ltr'>τε</span> <span class='ocrx_word' id='word_1_16' title='bbox 435 581 475 653; x_wconf 86' lang='grc' dir='ltr'>άν</span> <span class='ocrx_word' id='word_1_17' title='bbox 494 589 643 674; x_wconf 76' lang='grc' dir='ltr'><strong><em>ἐξέτρεψε</em></strong></span> <span class='ocrx_word' id='word_1_18' title='bbox 667 588 768 673; x_wconf 78' lang='grc' dir='ltr'><strong><em>ἡδέως</em></strong></span> <span class='ocrx_word' id='word_1_19' title='bbox 792 583 874 671; x_wconf 89' lang='grc' dir='ltr'><strong><em>ύμού</em></strong></span> <span class='ocrx_word' id='word_1_20' title='bbox 897 611 947 654; x_wconf 93' lang='grc' dir='ltr'>τοι</span> <span class='ocrx_word' id='word_1_21' title='bbox 966 586 1111 672; x_wconf 88' lang='grc' dir='ltr'><strong><em>σύμπαν-</em></strong></span> 
     </span>
    </p>

    <p class='ocr_par' dir='ltr' id='par_1_3' title="bbox 15 683 1136 1575">
     <span class='ocr_line' id='line_1_4' title="bbox 39 683 1110 776; baseline 0 -22"><span class='ocrx_word' id='word_1_22' title='bbox 39 715 89 766; x_wconf 84' lang='grc' dir='ltr'><strong><em>τας</em></strong></span> <span class='ocrx_word' id='word_1_23' title='bbox 106 689 298 776; x_wconf 77' lang='grc' dir='ltr'><strong><em>βαρβάρους,</em></strong></span> <span class='ocrx_word' id='word_1_24' title='bbox 319 687 405 772; x_wconf 82' lang='grc' dir='ltr'><strong><em>είπερ</em></strong></span> <span class='ocrx_word' id='word_1_25' title='bbox 429 683 542 772; x_wconf 79' lang='grc' dir='ltr'><strong><em>οἷόντε,</em></strong></span> <span class='ocrx_word' id='word_1_26' title='bbox 572 693 629 755; x_wconf 86' lang='grc' dir='ltr'><strong><em>καί</em></strong></span> <span class='ocrx_word' id='word_1_27' title='bbox 646 693 796 776; x_wconf 76' lang='grc' dir='ltr'>μεγίστην</span> <span class='ocrx_word' id='word_1_28' title='bbox 816 683 961 754; x_wconf 88' lang='grc' dir='ltr'><strong><em>εύκλειαν</em></strong></span> <span class='ocrx_word' id='word_1_29' title='bbox 981 689 1037 756; x_wconf 84' lang='grc' dir='ltr'><strong><em>καί</em></strong></span> <span class='ocrx_word' id='word_1_30' title='bbox 1054 691 1110 755; x_wconf 85' lang='grc' dir='ltr'>εύ-</span> 
     </span>
     <span class='ocr_line' id='line_1_5' title="bbox 39 783 1110 877; baseline 0.001 -21"><span class='ocrx_word' id='word_1_31' title='bbox 39 790 135 868; x_wconf 83' lang='grc' dir='ltr'><strong><em>ύοξίαν</em></strong></span> <span class='ocrx_word' id='word_1_32' title='bbox 154 789 206 858; x_wconf 85' lang='grc' dir='ltr'>τὸν</span> <span class='ocrx_word' id='word_1_33' title='bbox 225 793 352 860; x_wconf 75' lang='grc' dir='ltr'>ἐκείνων</span> <span class='ocrx_word' id='word_1_34' title='bbox 372 783 503 871; x_wconf 84' lang='grc' dir='ltr'><strong><em>ύλεθρον</em></strong></span> <span class='ocrx_word' id='word_1_35' title='bbox 523 791 631 876; x_wconf 83' lang='grc' dir='ltr'><strong><em>φέρειν</em></strong></span> <span class='ocrx_word' id='word_1_36' title='bbox 651 784 690 854; x_wconf 85' lang='grc' dir='ltr'>άν</span> <span class='ocrx_word' id='word_1_37' title='bbox 710 791 842 872; x_wconf 73' lang='grc' dir='ltr'><strong><em>ἐνόμισα</em></strong></span> <span class='ocrx_word' id='word_1_38' title='bbox 862 792 941 873; x_wconf 78' lang='grc' dir='ltr'><strong><em>ἐμοί·</em></strong></span> <span class='ocrx_word' id='word_1_39' title='bbox 968 795 1023 856; x_wconf 85' lang='grc' dir='ltr'><strong><em>καί</em></strong></span> <span class='ocrx_word' id='word_1_40' title='bbox 1034 790 1110 877; x_wconf 90' lang='grc' dir='ltr'><strong><em>παρ’</em></strong></span> 
     </span>
     <span class='ocr_line' id='line_1_6' title="bbox 17 885 1109 975; baseline 0.001 -20"><span class='ocrx_word' id='word_1_41' title='bbox 17 885 136 974; x_wconf 65' lang='grc' dir='ltr'><strong><em>δὲτίρου</em></strong></span> <span class='ocrx_word' id='word_1_42' title='bbox 161 885 341 974; x_wconf 82' lang='grc' dir='ltr'><strong><em>πάσχοντάς</em></strong></span> <span class='ocrx_word' id='word_1_43' title='bbox 362 910 444 964; x_wconf 85' lang='grc' dir='ltr'><strong><em>τινος</em></strong></span> <span class='ocrx_word' id='word_1_44' title='bbox 464 886 502 954; x_wconf 87' lang='grc' dir='ltr'>τά</span> <span class='ocrx_word' id='word_1_45' title='bbox 525 887 580 954; x_wconf 89' lang='grc' dir='ltr'><strong><em>ἴσα</em></strong></span> <span class='ocrx_word' id='word_1_46' title='bbox 601 885 695 955; x_wconf 83' lang='grc' dir='ltr'><strong><em>εἶδον.</em></strong></span> <span class='ocrx_word' id='word_1_47' title='bbox 741 891 781 954; x_wconf 83' lang='grc' dir='ltr'>ου’</span> <span class='ocrx_word' id='word_1_48' title='bbox 808 888 872 975; x_wconf 76' lang='grc' dir='ltr'>μην</span> <span class='ocrx_word' id='word_1_49' title='bbox 902 891 971 954; x_wconf 84' lang='lat' dir='ltr'>a&#39;tt’</span> <span class='ocrx_word' id='word_1_50' title='bbox 999 895 1031 956; x_wconf 81' lang='lat' dir='ltr'>sl</span> <span class='ocrx_word' id='word_1_51' title='bbox 1049 893 1109 975; x_wconf 75' lang='grc' dir='ltr'>μὲν</span> 
     </span>
     <span class='ocr_line' id='line_1_7' title="bbox 35 986 1110 1078; baseline 0.002 -24"><span class='ocrx_word' id='word_1_52' title='bbox 35 989 144 1057; x_wconf 89' lang='grc' dir='ltr'><strong><em>τούτων</em></strong></span> <span class='ocrx_word' id='word_1_53' title='bbox 162 993 222 1073; x_wconf 76' lang='grc' dir='ltr'>μὲν</span> <span class='ocrx_word' id='word_1_54' title='bbox 242 991 336 1055; x_wconf 74' lang='lat' dir='ltr'>oridia</span> <span class='ocrx_word' id='word_1_55' title='bbox 362 991 454 1074; x_wconf 78' lang='grc' dir='ltr'><strong><em>ἐξῆν,</em></strong></span> <span class='ocrx_word' id='word_1_56' title='bbox 485 986 551 1054; x_wconf 78' lang='grc' dir='ltr'><strong><em>ἔδει</em></strong></span> <span class='ocrx_word' id='word_1_57' title='bbox 579 991 614 1054; x_wconf 78' lang='grc' dir='ltr'>δὲ</span> <span class='ocrx_word' id='word_1_58' title='bbox 635 992 691 1070; x_wconf 77' lang='grc' dir='ltr'>ἐμὲ</span> <span class='ocrx_word' id='word_1_59' title='bbox 711 993 788 1076; x_wconf 90' lang='grc' dir='ltr'><strong><em>παρ’</em></strong></span> <span class='ocrx_word' id='word_1_60' title='bbox 812 987 942 1056; x_wconf 87' lang='grc' dir='ltr'><strong><em>ύτουούν</em></strong></span> <span class='ocrx_word' id='word_1_61' title='bbox 962 990 1110 1078; x_wconf 76' lang='lat' dir='ltr'>‹insopo-</span> 
     </span>
     <span class='ocr_line' id='line_1_8' title="bbox 35 1088 1108 1180; baseline 0 -24"><span class='ocrx_word' id='word_1_62' title='bbox 35 1095 129 1173; x_wconf 73' lang='grc' dir='ltr'><strong><em>γέντα,</em></strong></span> <span class='ocrx_word' id='word_1_63' title='bbox 143 1091 233 1180; x_wconf 81' lang='grc' dir='ltr'><strong><em>αύτιβ</em></strong></span> <span class='ocrx_word' id='word_1_64' title='bbox 252 1088 350 1178; x_wconf 80' lang='grc' dir='ltr'><strong><em>τούτῳ</em></strong></span> <span class='ocrx_word' id='word_1_65' title='bbox 370 1091 415 1177; x_wconf 74' lang='grc' dir='ltr'>τῷ</span> <span class='ocrx_word' id='word_1_66' title='bbox 438 1089 610 1154; x_wconf 84' lang='grc' dir='ltr'><strong><em>α’ποθανεῖν</em></strong></span> <span class='ocrx_word' id='word_1_67' title='bbox 631 1091 756 1168; x_wconf 76' lang='grc' dir='ltr'><strong><em>ἐξώλεις</em></strong></span> <span class='ocrx_word' id='word_1_68' title='bbox 771 1093 918 1174; x_wconf 78' lang='grc' dir='ltr'><strong><em>γενέσθαι</em></strong></span> <span class='ocrx_word' id='word_1_69' title='bbox 937 1089 1012 1168; x_wconf 86' lang='grc' dir='ltr'><strong><em>τούς</em></strong></span> <span class='ocrx_word' id='word_1_70' title='bbox 1029 1096 1108 1174; x_wconf 90' lang='grc' dir='ltr'><strong><em>βαρ-</em></strong></span> 
     </span>
     <span class='ocr_line' id='line_1_9' title="bbox 35 1182 1109 1279; baseline 0.004 -28"><span class='ocrx_word' id='word_1_71' title='bbox 35 1187 158 1274; x_wconf 79' lang='grc' dir='ltr'><strong><em>βάρους,</em></strong></span> <span class='ocrx_word' id='word_1_72' title='bbox 181 1191 282 1278; x_wconf 81' lang='grc' dir='ltr'><strong><em>ῥᾷστα</em></strong></span> <span class='ocrx_word' id='word_1_73' title='bbox 304 1183 344 1254; x_wconf 86' lang='grc' dir='ltr'>άν</span> <span class='ocrx_word' id='word_1_74' title='bbox 365 1193 422 1254; x_wconf 84' lang='grc' dir='ltr'><strong><em>καί</em></strong></span> <span class='ocrx_word' id='word_1_75' title='bbox 441 1186 496 1273; x_wconf 72' lang='grc' dir='ltr'>τὴν</span> <span class='ocrx_word' id='word_1_76' title='bbox 516 1193 611 1276; x_wconf 82' lang='grc' dir='ltr'><strong><em>φιλην</em></strong></span> <span class='ocrx_word' id='word_1_77' title='bbox 635 1182 805 1276; x_wconf 81' lang='grc' dir='ltr'><strong><em>προύδωκα</em></strong></span> <span class='ocrx_word' id='word_1_78' title='bbox 823 1188 905 1276; x_wconf 70' lang='grc' dir='ltr'><strong><em>ζωὴν</em></strong></span> <span class='ocrx_word' id='word_1_79' title='bbox 925 1189 985 1256; x_wconf 85' lang='grc' dir='ltr'>σύν</span> <span class='ocrx_word' id='word_1_80' title='bbox 1001 1190 1109 1279; x_wconf 76' lang='grc' dir='ltr'><strong><em>ἡδονῇ·</em></strong></span> 
     </span>
     <span class='ocr_line' id='line_1_10' title="bbox 35 1285 1109 1376; baseline 0.002 -25"><span class='ocrx_word' id='word_1_81' title='bbox 35 1293 173 1356; x_wconf 81' lang='grc' dir='ltr'><strong><em>τοσούτου</em></strong></span> <span class='ocrx_word' id='word_1_82' title='bbox 193 1289 369 1373; x_wconf 79' lang='grc' dir='ltr'><strong><em>άπεχθειλες</em></strong></span> <span class='ocrx_word' id='word_1_83' title='bbox 395 1285 475 1376; x_wconf 83' lang='grc' dir='ltr'><strong><em>πρὸς</em></strong></span> <span class='ocrx_word' id='word_1_84' title='bbox 502 1286 619 1366; x_wconf 87' lang='grc' dir='ltr'><strong><em>αύτούς</em></strong></span> <span class='ocrx_word' id='word_1_85' title='bbox 647 1292 806 1374; x_wconf 76' lang='grc' dir='ltr'><strong><em>περίεστιν</em></strong></span> <span class='ocrx_word' id='word_1_86' title='bbox 832 1288 922 1373; x_wconf 82' lang='grc' dir='ltr'><strong><em>ἐμοί,</em></strong></span> <span class='ocrx_word' id='word_1_87' title='bbox 950 1290 988 1353; x_wconf 87' lang='grc' dir='ltr'>ού</span> <span class='ocrx_word' id='word_1_88' title='bbox 1010 1287 1109 1370; x_wconf 69' lang='grc' dir='ltr'><strong><em>μόνον</em></strong></span> 
     </span>
     <span class='ocr_line' id='line_1_11' title="bbox 15 1383 1136 1476; baseline -0.001 -26"><span class='ocrx_word' id='word_1_89' title='bbox 15 1387 80 1453; x_wconf 74' lang='lat' dir='ltr'>clad</span> <span class='ocrx_word' id='word_1_90' title='bbox 99 1388 157 1474; x_wconf 79' lang='grc' dir='ltr'>τὴν</span> <span class='ocrx_word' id='word_1_91' title='bbox 180 1391 257 1476; x_wconf 87' lang='grc' dir='ltr'><strong><em>περί</em></strong></span> <span class='ocrx_word' id='word_1_92' title='bbox 277 1387 335 1475; x_wconf 72' lang='grc' dir='ltr'><strong><em>τη“ν</em></strong></span> <span class='ocrx_word' id='word_1_93' title='bbox 356 1388 529 1476; x_wconf 76' lang='grc' dir='ltr'><strong><em>θρησκειλκν</em></strong></span> <span class='ocrx_word' id='word_1_94' title='bbox 548 1383 650 1476; x_wconf 83' lang='grc' dir='ltr'><strong><em>άκραν</em></strong></span> <span class='ocrx_word' id='word_1_95' title='bbox 682 1391 888 1472; x_wconf 79' lang='grc' dir='ltr'><strong><em>ε’ναντιλασιν,</em></strong></span> <span class='ocrx_word' id='word_1_96' title='bbox 916 1389 982 1454; x_wconf 81' lang='grc' dir='ltr'><strong><em>ἀλλ’</em></strong></span> <span class='ocrx_word' id='word_1_97' title='bbox 1005 1385 1054 1454; x_wconf 80' lang='grc' dir='ltr'>ὅτι</span> <span class='ocrx_word' id='word_1_98' title='bbox 1073 1389 1136 1453; x_wconf 74' lang='lat' dir='ltr'>isli</span> 
     </span>
     <span class='ocr_line' id='line_1_12' title="bbox 33 1485 1111 1575; baseline 0.002 -25"><span class='ocrx_word' id='word_1_99' title='bbox 33 1489 145 1554; x_wconf 82' lang='grc' dir='ltr'><strong><em>πολλάν</em></strong></span> <span class='ocrx_word' id='word_1_100' title='bbox 168 1491 251 1554; x_wconf 71' lang='grc' dir='ltr'><strong><em>θεῶν</em></strong></span> <span class='ocrx_word' id='word_1_101' title='bbox 273 1489 396 1574; x_wconf 73' lang='grc' dir='ltr'><strong><em>μεγάλα</em></strong></span> <span class='ocrx_word' id='word_1_102' title='bbox 421 1485 591 1575; x_wconf 78' lang='grc' dir='ltr'><strong><em>ηἰλικήκασι</em></strong></span> <span class='ocrx_word' id='word_1_103' title='bbox 606 1489 800 1572; x_wconf 76' lang='grc' dir='ltr'><strong><em>Ῥωμαίους,</em></strong></span> <span class='ocrx_word' id='word_1_104' title='bbox 830 1491 910 1555; x_wconf 88' lang='grc' dir='ltr'><strong><em>πάσι</em></strong></span> <span class='ocrx_word' id='word_1_105' title='bbox 930 1487 1111 1574; x_wconf 83' lang='grc' dir='ltr'><strong><em>λυμηνάμε-</em></strong></span> 
     </span>
    </p>

    <p class='ocr_par' dir='ltr' id='par_1_4' title="bbox 31 1588 1110 1777">
     <span class='ocr_line' id='line_1_13' title="bbox 33 1588 1109 1676; baseline 0 -24"><span class='ocrx_word' id='word_1_106' title='bbox 33 1611 73 1652; x_wconf 87' lang='grc' dir='ltr'>νοι</span> <span class='ocrx_word' id='word_1_107' title='bbox 91 1590 209 1672; x_wconf 78' lang='grc' dir='ltr'><strong><em>σχεδὸν</em></strong></span> <span class='ocrx_word' id='word_1_108' title='bbox 237 1591 292 1654; x_wconf 88' lang='grc' dir='ltr'><strong><em>καί</em></strong></span> <span class='ocrx_word' id='word_1_109' title='bbox 319 1590 445 1655; x_wconf 71' lang='lat' dir='ltr'>arideum</span> <span class='ocrx_word' id='word_1_110' title='bbox 464 1593 562 1675; x_wconf 78' lang='grc' dir='ltr'><strong><em>μέχρι</em></strong></span> <span class='ocrx_word' id='word_1_111' title='bbox 586 1593 645 1656; x_wconf 86' lang='grc' dir='ltr'>νύν</span> <span class='ocrx_word' id='word_1_112' title='bbox 675 1588 767 1674; x_wconf 88' lang='grc' dir='ltr'><strong><em>κόρον</em></strong></span> <span class='ocrx_word' id='word_1_113' title='bbox 788 1589 943 1674; x_wconf 77' lang='grc' dir='ltr'><strong><em>ἐσχήκασι</em></strong></span> <span class='ocrx_word' id='word_1_114' title='bbox 962 1590 1017 1676; x_wconf 83' lang='grc' dir='ltr'>τῆς</span> <span class='ocrx_word' id='word_1_115' title='bbox 1038 1589 1109 1652; x_wconf 77' lang='lat' dir='ltr'>dds-</span> 
     </span>
     <span class='ocr_line' id='line_1_14' title="bbox 31 1683 1110 1777; baseline 0.005 -28"><span class='ocrx_word' id='word_1_116' title='bbox 31 1688 109 1763; x_wconf 85' lang='grc' dir='ltr'><strong><em>ιαὀις·</em></strong></span> <span class='ocrx_word' id='word_1_117' title='bbox 155 1683 239 1756; x_wconf 81' lang='grc' dir='ltr'><strong><em>άλλολ</em></strong></span> <span class='ocrx_word' id='word_1_118' title='bbox 259 1687 316 1754; x_wconf 86' lang='grc' dir='ltr'><strong><em>καί</em></strong></span> <span class='ocrx_word' id='word_1_119' title='bbox 341 1687 397 1755; x_wconf 77' lang='grc' dir='ltr'>ἐπί</span> <span class='ocrx_word' id='word_1_120' title='bbox 417 1687 545 1777; x_wconf 80' lang='grc' dir='ltr'><strong><em>Θρᾴκην</em></strong></span> <span class='ocrx_word' id='word_1_121' title='bbox 565 1689 750 1774; x_wconf 84' lang='grc' dir='ltr'><strong><em>διαβάντες,</em></strong></span> <span class='ocrx_word' id='word_1_122' title='bbox 777 1687 885 1766; x_wconf 87' lang='grc' dir='ltr'><strong><em>πόλεις</em></strong></span> <span class='ocrx_word' id='word_1_123' title='bbox 906 1687 1015 1773; x_wconf 79' lang='grc' dir='ltr'><strong><em>ἔχουσι</em></strong></span> <span class='ocrx_word' id='word_1_124' title='bbox 1032 1695 1110 1754; x_wconf 88' lang='grc' dir='ltr'><strong><em>πολ-</em></strong></span> 
     </span>
    </p>

    <p class='ocr_par' dir='ltr' id='par_1_5' title="bbox 12 1779 1214 2074">
     <span class='ocr_line' id='line_1_15' title="bbox 32 1779 1214 1876; baseline -0.002 -26"><span class='ocrx_word' id='word_1_125' title='bbox 32 1785 81 1864; x_wconf 85' lang='grc' dir='ltr'><strong><em>λάς</em></strong></span> <span class='ocrx_word' id='word_1_126' title='bbox 97 1787 155 1854; x_wconf 85' lang='grc' dir='ltr'><strong><em>καί</em></strong></span> <span class='ocrx_word' id='word_1_127' title='bbox 173 1786 328 1856; x_wconf 83' lang='grc' dir='ltr'><strong><em>πάντατά</em></strong></span> <span class='ocrx_word' id='word_1_128' title='bbox 350 1787 439 1873; x_wconf 77' lang='grc' dir='ltr'><strong><em>ἡμῶν</em></strong></span> <span class='ocrx_word' id='word_1_129' title='bbox 460 1783 572 1873; x_wconf 78' lang='lat' dir='ltr'>dynvas</span> <span class='ocrx_word' id='word_1_130' title='bbox 593 1792 649 1855; x_wconf 85' lang='grc' dir='ltr'><strong><em>καί</em></strong></span> <span class='ocrx_word' id='word_1_131' title='bbox 669 1792 815 1876; x_wconf 80' lang='grc' dir='ltr'><strong><em>φέρουσι.</em></strong></span> <span class='ocrx_word' id='word_1_132' title='bbox 836 1792 921 1866; x_wconf 87' lang='grc' dir='ltr'><strong><em>τίνος</em></strong></span> <span class='ocrx_word' id='word_1_133' title='bbox 943 1779 1001 1853; x_wconf 85' lang='grc' dir='ltr'>ούν</span> <span class='ocrx_word' id='word_1_134' title='bbox 1019 1789 1214 1864; x_wconf 67' lang='grc' dir='ltr'><strong><em>ἓνεκαῌρὸ</em></strong></span> 
     </span>
     <span class='ocr_line' id='line_1_16' title="bbox 12 1881 1112 1975; baseline 0.005 -29"><span class='ocrx_word' id='word_1_135' title='bbox 12 1883 121 1966; x_wconf 67' lang='grc' dir='ltr'><strong><em>Βούτας</em></strong></span> <span class='ocrx_word' id='word_1_136' title='bbox 145 1885 232 1972; x_wconf 81' lang='grc' dir='ltr'><strong><em>ἔχων</em></strong></span> <span class='ocrx_word' id='word_1_137' title='bbox 255 1887 332 1974; x_wconf 86' lang='grc' dir='ltr'><strong><em>πρὸς</em></strong></span> <span class='ocrx_word' id='word_1_138' title='bbox 352 1889 487 1967; x_wconf 73' lang='grc' dir='ltr'><strong><em>ἐκείνους</em></strong></span> <span class='ocrx_word' id='word_1_139' title='bbox 508 1891 698 1972; x_wconf 75' lang='grc' dir='ltr'><strong><em>ἀπεχθείας,</em></strong></span> <span class='ocrx_word' id='word_1_140' title='bbox 734 1885 808 1956; x_wconf 87' lang='grc' dir='ltr'><strong><em>ούτε</em></strong></span> <span class='ocrx_word' id='word_1_141' title='bbox 841 1886 987 1975; x_wconf 74' lang='grc' dir='ltr'><strong><em>πρότερον</em></strong></span> <span class='ocrx_word' id='word_1_142' title='bbox 1016 1881 1112 1964; x_wconf 85' lang='grc' dir='ltr'><strong><em>αύτύς</em></strong></span> 
     </span>
     <span class='ocr_line' id='line_1_17' title="bbox 31 1985 1110 2074; baseline 0.003 -25"><span class='ocrx_word' id='word_1_143' title='bbox 31 1985 179 2074; x_wconf 71' lang='grc' dir='ltr'><strong><em>άρμηθην</em></strong></span> <span class='ocrx_word' id='word_1_144' title='bbox 212 1996 360 2070; x_wconf 74' lang='grc' dir='ltr'><strong><em>πολεμεῖν</em></strong></span> <span class='ocrx_word' id='word_1_145' title='bbox 390 1991 448 2054; x_wconf 85' lang='grc' dir='ltr'><strong><em>καί</em></strong></span> <span class='ocrx_word' id='word_1_146' title='bbox 464 1987 557 2071; x_wconf 84' lang='grc' dir='ltr'><strong><em>ύμάς</em></strong></span> <span class='ocrx_word' id='word_1_147' title='bbox 583 1986 696 2053; x_wconf 89' lang='grc' dir='ltr'><strong><em>κωλύω</em></strong></span> <span class='ocrx_word' id='word_1_148' title='bbox 722 1992 779 2054; x_wconf 88' lang='grc' dir='ltr'>νύν</span> <span class='ocrx_word' id='word_1_149' title='bbox 805 1991 1110 2074; x_wconf 75' lang='grc' dir='ltr'><strong><em>προθυμουμένουςς</em></strong></span> 
     </span>
    </p>

    <p class='ocr_par' dir='ltr' id='par_1_6' title="bbox 31 2080 1181 2276">
     <span class='ocr_line' id='line_1_18' title="bbox 31 2080 1181 2175; baseline 0.003 -27"><span class='ocrx_word' id='word_1_150' title='bbox 31 2083 74 2149; x_wconf 81' lang='grc' dir='ltr'>ὅτι</span> <span class='ocrx_word' id='word_1_151' title='bbox 92 2086 149 2172; x_wconf 72' lang='grc' dir='ltr'>τὴν</span> <span class='ocrx_word' id='word_1_152' title='bbox 170 2091 307 2155; x_wconf 84' lang='grc' dir='ltr'><strong><em>ε’νούσαν</em></strong></span> <span class='ocrx_word' id='word_1_153' title='bbox 330 2085 484 2169; x_wconf 77' lang='grc' dir='ltr'><strong><em>ἐξετάζων</em></strong></span> <span class='ocrx_word' id='word_1_154' title='bbox 505 2089 638 2170; x_wconf 82' lang='grc' dir='ltr'><strong><em>δύναμιν</em></strong></span> <span class='ocrx_word' id='word_1_155' title='bbox 645 2139 656 2172; x_wconf 92' lang='grc'><strong><em>,</em></strong></span> <span class='ocrx_word' id='word_1_156' title='bbox 678 2083 751 2154; x_wconf 84' lang='grc' dir='ltr'><strong><em>ούτε</em></strong></span> <span class='ocrx_word' id='word_1_157' title='bbox 774 2088 938 2175; x_wconf 84' lang='grc' dir='ltr'><strong><em>πρότερον,</em></strong></span> <span class='ocrx_word' id='word_1_158' title='bbox 962 2080 1033 2154; x_wconf 73' lang='lat' dir='ltr'>odas</span> <span class='ocrx_word' id='word_1_159' title='bbox 1053 2089 1110 2154; x_wconf 86' lang='grc' dir='ltr'>νύν</span> <span class='ocrx_word' id='word_1_160' title='bbox 1173 2125 1181 2142; x_wconf 89' lang='lat'><strong>·</strong></span> 
     </span>
     <span class='ocr_line' id='line_1_19' title="bbox 31 2180 1110 2276; baseline 0.005 -28"><span class='ocrx_word' id='word_1_161' title='bbox 31 2185 197 2271; x_wconf 76' lang='grc' dir='ltr'><strong><em>αξιάμαχον</em></strong></span> <span class='ocrx_word' id='word_1_162' title='bbox 218 2187 356 2275; x_wconf 84' lang='grc' dir='ltr'><strong><em>εύρίσκω</em></strong></span> <span class='ocrx_word' id='word_1_163' title='bbox 375 2187 455 2276; x_wconf 81' lang='grc' dir='ltr'><strong><em>πρὸς</em></strong></span> <span class='ocrx_word' id='word_1_164' title='bbox 473 2187 529 2254; x_wconf 79' lang='lat' dir='ltr'>adv</span> <span class='ocrx_word' id='word_1_165' title='bbox 550 2188 630 2272; x_wconf 81' lang='grc' dir='ltr'><strong><em>πρὸς</em></strong></span> <span class='ocrx_word' id='word_1_166' title='bbox 651 2189 787 2267; x_wconf 81' lang='grc' dir='ltr'><strong><em>ἐκείνους</em></strong></span> <span class='ocrx_word' id='word_1_167' title='bbox 811 2186 958 2271; x_wconf 87' lang='grc' dir='ltr'><strong><em>πόλεμον.</em></strong></span> <span class='ocrx_word' id='word_1_168' title='bbox 988 2187 1024 2253; x_wconf 83' lang='grc' dir='ltr'>τί</span> <span class='ocrx_word' id='word_1_169' title='bbox 1039 2180 1110 2264; x_wconf 80' lang='grc' dir='ltr'><strong><em>σύν,</em></strong></span> 
     </span>
    </p>

    <p class='ocr_par' dir='ltr' id='par_1_7' title="bbox 11 2275 1142 2477">
     <span class='ocr_line' id='line_1_20' title="bbox 30 2275 1142 2377; baseline 0.007 -29"><span class='ocrx_word' id='word_1_170' title='bbox 30 2275 63 2348; x_wconf 74' lang='lat' dir='ltr'>dr</span> <span class='ocrx_word' id='word_1_171' title='bbox 80 2311 127 2364; x_wconf 89' lang='grc' dir='ltr'>τις</span> <span class='ocrx_word' id='word_1_172' title='bbox 147 2287 241 2376; x_wconf 82' lang='grc' dir='ltr'><strong><em>φαίη,</em></strong></span> <span class='ocrx_word' id='word_1_173' title='bbox 256 2287 384 2377; x_wconf 74' lang='grc' dir='ltr'><strong><em>κελεύῃς</em></strong></span> <span class='ocrx_word' id='word_1_174' title='bbox 406 2289 492 2374; x_wconf 78' lang='grc' dir='ltr'><strong><em>ἡμᾶς</em></strong></span> <span class='ocrx_word' id='word_1_175' title='bbox 506 2288 657 2368; x_wconf 77' lang='grc' dir='ltr'><strong><em>καθάπαξ</em></strong></span> <span class='ocrx_word' id='word_1_176' title='bbox 680 2290 961 2373; x_wconf 74' lang='grc' dir='ltr'><strong><em>ύγκαλυιμαμὲνους</em></strong></span> <span class='ocrx_word' id='word_1_177' title='bbox 982 2291 1039 2353; x_wconf 86' lang='grc' dir='ltr'><strong><em>καί</em></strong></span> <span class='ocrx_word' id='word_1_178' title='bbox 1054 2285 1142 2372; x_wconf 76' lang='grc' dir='ltr'>εῆνῦ</span> 
     </span>
     <span class='ocr_line' id='line_1_21' title="bbox 11 2384 1111 2477; baseline 0.009 -35"><span class='ocrx_word' id='word_1_179' title='bbox 11 2387 136 2452; x_wconf 86' lang='grc' dir='ltr'><strong><em>αοίκείαν</em></strong></span> <span class='ocrx_word' id='word_1_180' title='bbox 157 2388 316 2474; x_wconf 86' lang='grc' dir='ltr'><strong><em>σωτηρίαν</em></strong></span> <span class='ocrx_word' id='word_1_181' title='bbox 337 2384 550 2474; x_wconf 72' lang='grc' dir='ltr'><strong><em>ἀπογνόντας,</em></strong></span> <span class='ocrx_word' id='word_1_182' title='bbox 573 2389 679 2476; x_wconf 79' lang='grc' dir='ltr'><strong><em>ἡσυχῇ</em></strong></span> <span class='ocrx_word' id='word_1_183' title='bbox 703 2390 812 2477; x_wconf 81' lang='grc' dir='ltr'><strong><em>φέρειν</em></strong></span> <span class='ocrx_word' id='word_1_184' title='bbox 831 2385 890 2464; x_wconf 81' lang='grc' dir='ltr'>τάς</span> <span class='ocrx_word' id='word_1_185' title='bbox 910 2388 1031 2474; x_wconf 74' lang='grc' dir='ltr'><strong><em>πληγάς</em></strong></span> <span class='ocrx_word' id='word_1_186' title='bbox 1054 2389 1111 2452; x_wconf 82' lang='grc' dir='ltr'><strong><em>καί</em></strong></span> 
     </span>
    </p>
   </div>
   <div class='ocr_carea' id='block_1_3' title="bbox 29 2480 1111 2676">
    <p class='ocr_par' dir='ltr' id='par_1_8' title="bbox 29 2480 1111 2676">
     <span class='ocr_line' id='line_1_22' title="bbox 29 2480 1109 2575; baseline 0.002 -28"><span class='ocrx_word' id='word_1_187' title='bbox 29 2485 121 2553; x_wconf 85' lang='grc' dir='ltr'><strong><em>πάντα</em></strong></span> <span class='ocrx_word' id='word_1_188' title='bbox 143 2483 307 2575; x_wconf 76' lang='grc' dir='ltr'><strong><em>ὥσπερέξ</em></strong></span> <span class='ocrx_word' id='word_1_189' title='bbox 335 2488 547 2574; x_wconf 72' lang='grc' dir='ltr'><strong><em>ἐπιτάγματος</em></strong></span> <span class='ocrx_word' id='word_1_190' title='bbox 578 2490 718 2555; x_wconf 85' lang='grc' dir='ltr'><strong><em>ύπείκειν</em></strong></span> <span class='ocrx_word' id='word_1_191' title='bbox 747 2497 814 2567; x_wconf 80' lang='grc' dir='ltr'><strong><em>τοῖς</em></strong></span> <span class='ocrx_word' id='word_1_192' title='bbox 848 2483 1041 2572; x_wconf 79' lang='grc' dir='ltr'><strong><em>βαρβάροις;</em></strong></span> <span class='ocrx_word' id='word_1_193' title='bbox 1070 2480 1109 2550; x_wconf 92' lang='grc' dir='ltr'>ού</span> 
     </span>
     <span class='ocr_line' id='line_1_23' title="bbox 30 2581 1111 2676; baseline 0 -28"><span class='ocrx_word' id='word_1_194' title='bbox 30 2590 114 2652; x_wconf 82' lang='grc' dir='ltr'><strong><em>τοῦτο</em></strong></span> <span class='ocrx_word' id='word_1_195' title='bbox 136 2584 247 2674; x_wconf 75' lang='grc' dir='ltr'><strong><em>ἔγωγε,</em></strong></span> <span class='ocrx_word' id='word_1_196' title='bbox 261 2591 360 2676; x_wconf 83' lang='grc' dir='ltr'><strong><em>φαίην</em></strong></span> <span class='ocrx_word' id='word_1_197' title='bbox 375 2581 425 2673; x_wconf 76' lang='lat' dir='ltr'>ds,</span> <span class='ocrx_word' id='word_1_198' title='bbox 435 2587 517 2656; x_wconf 88' lang='grc' dir='ltr'><strong><em>α’λλά</em></strong></span> <span class='ocrx_word' id='word_1_199' title='bbox 529 2593 720 2676; x_wconf 77' lang='grc' dir='ltr'><strong><em>πολεμητέον</em></strong></span> <span class='ocrx_word' id='word_1_200' title='bbox 737 2589 857 2673; x_wconf 84' lang='grc' dir='ltr'><strong><em>μάλλον</em></strong></span> <span class='ocrx_word' id='word_1_201' title='bbox 876 2589 931 2651; x_wconf 88' lang='grc' dir='ltr'><strong><em>καί</em></strong></span> <span class='ocrx_word' id='word_1_202' title='bbox 943 2584 1023 2672; x_wconf 81' lang='grc' dir='ltr'><strong><em>πρὸς</em></strong></span> <span class='ocrx_word' id='word_1_203' title='bbox 1035 2587 1111 2650; x_wconf 84' lang='grc' dir='ltr'><strong><em>τού-</em></strong></span> 
     </span>
    </p>
   </div>
   <div class='ocr_carea' id='block_1_4' title="bbox 89 2757 759 2834">
    <p class='ocr_par' dir='ltr' id='par_1_9' title="bbox 89 2757 759 2834">
     <span class='ocr_line' id='line_1_24' title="bbox 89 2757 759 2834; baseline -0.001 -22"><span class='ocrx_word' id='word_1_204' title='bbox 89 2759 116 2816; x_wconf 83' lang='grc'>6.</span> <span class='ocrx_word' id='word_1_205' title='bbox 134 2757 247 2818; x_wconf 81' lang='grc' dir='ltr'><strong><em>τούτων</em></strong></span> <span class='ocrx_word' id='word_1_206' title='bbox 261 2759 317 2834; x_wconf 77' lang='grc' dir='ltr'>μὲν</span> <span class='ocrx_word' id='word_1_207' title='bbox 337 2777 390 2821; x_wconf 87' lang='lat' dir='ltr'>om.</span> <span class='ocrx_word' id='word_1_208' title='bbox 408 2763 436 2814; x_wconf 87' lang='lat' dir='ltr'>P.</span> <span class='ocrx_word' id='word_1_209' title='bbox 525 2778 565 2833; x_wconf 87' lang='lat'>¹9·</span> <span class='ocrx_word' id='word_1_210' title='bbox 584 2757 707 2818; x_wconf 82' lang='grc' dir='ltr'><strong><em>κελεύεις</em></strong></span> <span class='ocrx_word' id='word_1_211' title='bbox 727 2757 759 2812; x_wconf 83' lang='lat' dir='ltr'>V.</span> 
     </span>
    </p>
   </div>
   <div class='ocr_carea' id='block_1_5' title="bbox 26 2909 1119 4334">
    <p class='ocr_par' dir='ltr' id='par_1_10' title="bbox 26 2909 1119 4334">
     <span class='ocr_line' id='line_1_25' title="bbox 29 2909 1113 2986; baseline -0.005 -19"><span class='ocrx_word' id='word_1_212' title='bbox 29 2913 149 2970; x_wconf 76' lang='lat' dir='ltr'>adversus</span> <span class='ocrx_word' id='word_1_213' title='bbox 168 2916 302 2970; x_wconf 84' lang='lat' dir='ltr'>barbaros</span> <span class='ocrx_word' id='word_1_214' title='bbox 321 2917 401 2971; x_wconf 81' lang='lat' dir='ltr'>vobis</span> <span class='ocrx_word' id='word_1_215' title='bbox 426 2915 620 2970; x_wconf 86' lang='lat' dir='ltr'>abstinendum</span> <span class='ocrx_word' id='word_1_216' title='bbox 639 2913 764 2978; x_wconf 85' lang='lat' dir='ltr'>suadeo,</span> <span class='ocrx_word' id='word_1_217' title='bbox 788 2928 880 2986; x_wconf 88' lang='lat' dir='ltr'>neque</span> <span class='ocrx_word' id='word_1_218' title='bbox 902 2910 968 2967; x_wconf 89' lang='lat' dir='ltr'>odio</span> <span class='ocrx_word' id='word_1_219' title='bbox 995 2912 1025 2962; x_wconf 90' lang='lat' dir='ltr'>in</span> <span class='ocrx_word' id='word_1_220' title='bbox 1049 2909 1113 2962; x_wconf 89' lang='lat' dir='ltr'>illos</span> 
     </span>
     <span class='ocr_line' id='line_1_26' title="bbox 28 2979 1114 3060; baseline -0.011 -17"><span class='ocrx_word' id='word_1_221' title='bbox 28 3001 42 3034; x_wconf 75' lang='grc' dir='ltr'><strong><em>λ</em></strong></span> <span class='ocrx_word' id='word_1_222' title='bbox 58 3003 197 3059; x_wconf 84' lang='lat' dir='ltr'>quoquam</span> <span class='ocrx_word' id='word_1_223' title='bbox 215 2994 335 3041; x_wconf 84' lang='lat' dir='ltr'>vestrum</span> <span class='ocrx_word' id='word_1_224' title='bbox 352 2988 426 3040; x_wconf 80' lang='lat' dir='ltr'>vinci</span> <span class='ocrx_word' id='word_1_225' title='bbox 445 3004 489 3040; x_wconf 90' lang='lat' dir='ltr'>me</span> <span class='ocrx_word' id='word_1_226' title='bbox 505 2988 612 3060; x_wconf 89' lang='lat' dir='ltr'>patior,</span> <span class='ocrx_word' id='word_1_227' title='bbox 637 2990 705 3058; x_wconf 92' lang='lat' dir='ltr'>quin</span> <span class='ocrx_word' id='word_1_228' title='bbox 723 2987 782 3055; x_wconf 87' lang='lat' dir='ltr'>ipse</span> <span class='ocrx_word' id='word_1_229' title='bbox 802 3003 856 3036; x_wconf 88' lang='lat' dir='ltr'>una</span> <span class='ocrx_word' id='word_1_230' title='bbox 875 2997 985 3044; x_wconf 86' lang='lat' dir='ltr'>omnes,</span> <span class='ocrx_word' id='word_1_231' title='bbox 1012 2982 1036 3034; x_wconf 88' lang='lat' dir='ltr'>si</span> <span class='ocrx_word' id='word_1_232' title='bbox 1054 2979 1114 3034; x_wconf 84' lang='lat' dir='ltr'>lieri</span> 
     </span>
     <span class='ocr_line' id='line_1_27' title="bbox 28 3052 1114 3126; baseline -0.006 -18"><span class='ocrx_word' id='word_1_233' title='bbox 28 3061 169 3126; x_wconf 85' lang='lat' dir='ltr'>potuisset,</span> <span class='ocrx_word' id='word_1_234' title='bbox 191 3059 379 3112; x_wconf 68' lang='lat' dir='ltr'>contrivissem</span> <span class='ocrx_word' id='word_1_235' title='bbox 399 3066 428 3110; x_wconf 89' lang='lat' dir='ltr'>et</span> <span class='ocrx_word' id='word_1_236' title='bbox 456 3058 485 3109; x_wconf 92' lang='lat' dir='ltr'>id</span> <span class='ocrx_word' id='word_1_237' title='bbox 505 3059 573 3111; x_wconf 89' lang='lat' dir='ltr'>mibi</span> <span class='ocrx_word' id='word_1_238' title='bbox 600 3057 635 3110; x_wconf 88' lang='lat' dir='ltr'>sd</span> <span class='ocrx_word' id='word_1_239' title='bbox 656 3057 759 3126; x_wconf 82' lang='lat' dir='ltr'>gloriae</span> <span class='ocrx_word' id='word_1_240' title='bbox 777 3055 965 3108; x_wconf 75' lang='lat' dir='ltr'><strong>celebritatem</strong></span> <span class='ocrx_word' id='word_1_241' title='bbox 984 3052 1114 3104; x_wconf 89' lang='lat' dir='ltr'>illustris-</span> 
     </span>
     <span class='ocr_line' id='line_1_28' title="bbox 28 3123 1114 3202; baseline -0.001 -26"><span class='ocrx_word' id='word_1_242' title='bbox 28 3131 118 3182; x_wconf 85' lang='lat' dir='ltr'>simum</span> <span class='ocrx_word' id='word_1_243' title='bbox 136 3131 199 3182; x_wconf 82' lang='lat' dir='ltr'>fore</span> <span class='ocrx_word' id='word_1_244' title='bbox 219 3125 394 3200; x_wconf 78' lang='lat' dir='ltr'>putavissem.</span> <span class='ocrx_word' id='word_1_245' title='bbox 429 3129 526 3202; x_wconf 79' lang='lat' dir='ltr'>Neque</span> <span class='ocrx_word' id='word_1_246' title='bbox 549 3133 620 3183; x_wconf 84' lang='lat' dir='ltr'>istuc</span> <span class='ocrx_word' id='word_1_247' title='bbox 637 3128 744 3192; x_wconf 85' lang='lat' dir='ltr'>solum,</span> <span class='ocrx_word' id='word_1_248' title='bbox 771 3126 819 3179; x_wconf 86' lang='lat' dir='ltr'>sed</span> <span class='ocrx_word' id='word_1_249' title='bbox 838 3127 862 3178; x_wconf 88' lang='lat' dir='ltr'>si</span> <span class='ocrx_word' id='word_1_250' title='bbox 886 3125 939 3178; x_wconf 90' lang='lat' dir='ltr'>boc</span> <span class='ocrx_word' id='word_1_251' title='bbox 958 3126 998 3175; x_wconf 87' lang='lat' dir='ltr'>ita</span> <span class='ocrx_word' id='word_1_252' title='bbox 1015 3123 1114 3178; x_wconf 87' lang='lat' dir='ltr'>licuis-</span> 
     </span>
     <span class='ocr_line' id='line_1_29' title="bbox 28 3195 1114 3273; baseline -0.005 -24"><span class='ocrx_word' id='word_1_253' title='bbox 28 3207 72 3260; x_wconf 78' lang='lat' dir='ltr'>su,</span> <span class='ocrx_word' id='word_1_254' title='bbox 93 3207 125 3253; x_wconf 88' lang='lat' dir='ltr'>ut</span> <span class='ocrx_word' id='word_1_255' title='bbox 145 3218 191 3254; x_wconf 87' lang='lat' dir='ltr'>me</span> <span class='ocrx_word' id='word_1_256' title='bbox 209 3217 224 3252; x_wconf 86' lang='lat' dir='ltr'>a</span> <span class='ocrx_word' id='word_1_257' title='bbox 242 3217 407 3273; x_wconf 89' lang='lat' dir='ltr'>quocunque</span> <span class='ocrx_word' id='word_1_258' title='bbox 426 3201 544 3271; x_wconf 79' lang='lat' dir='ltr'>iugulari</span> <span class='ocrx_word' id='word_1_259' title='bbox 560 3207 588 3251; x_wconf 88' lang='lat' dir='ltr'>et</span> <span class='ocrx_word' id='word_1_260' title='bbox 612 3201 671 3268; x_wconf 88' lang='lat' dir='ltr'>ipss</span> <span class='ocrx_word' id='word_1_261' title='bbox 690 3215 758 3250; x_wconf 85' lang='lat' dir='ltr'>nece</span> <span class='ocrx_word' id='word_1_262' title='bbox 778 3213 838 3250; x_wconf 88' lang='lat' dir='ltr'>mea</span> <span class='ocrx_word' id='word_1_263' title='bbox 856 3195 1008 3266; x_wconf 85' lang='lat' dir='ltr'>perniciem</span> <span class='ocrx_word' id='word_1_264' title='bbox 1030 3201 1114 3264; x_wconf 85' lang='lat' dir='ltr'>atque</span> 
     </span>
     <span class='ocr_line' id='line_1_30' title="bbox 29 3263 1115 3338; baseline -0.002 -20"><span class='ocrx_word' id='word_1_265' title='bbox 29 3271 137 3323; x_wconf 79' lang='lat' dir='ltr'>exitium</span> <span class='ocrx_word' id='word_1_266' title='bbox 162 3271 247 3326; x_wconf 87' lang='lat' dir='ltr'>creari</span> <span class='ocrx_word' id='word_1_267' title='bbox 267 3273 322 3324; x_wconf 87' lang='lat' dir='ltr'>illis</span> <span class='ocrx_word' id='word_1_268' title='bbox 342 3287 357 3322; x_wconf 95' lang='grc' dir='ltr'><strong><em>ο</em></strong></span> <span class='ocrx_word' id='word_1_269' title='bbox 379 3274 527 3335; x_wconf 88' lang='lat' dir='ltr'>ortuisset,</span> <span class='ocrx_word' id='word_1_270' title='bbox 554 3271 736 3324; x_wconf 75' lang='lat' dir='ltr'>libentissime</span> <span class='ocrx_word' id='word_1_271' title='bbox 765 3284 797 3321; x_wconf 87' lang='lat' dir='ltr'>ae</span> <span class='ocrx_word' id='word_1_272' title='bbox 818 3267 1023 3338; x_wconf 87' lang='lat' dir='ltr'>promptissime</span> <span class='ocrx_word' id='word_1_273' title='bbox 1049 3263 1115 3317; x_wconf 92' lang='lat' dir='ltr'>dul-</span> 
     </span>
     <span class='ocr_line' id='line_1_31' title="bbox 28 3289 1116 3413; baseline -0.006 -22"><span class='ocrx_word' id='word_1_274' title='bbox 28 3357 80 3392; x_wconf 88' lang='lat' dir='ltr'>cem</span> <span class='ocrx_word' id='word_1_275' title='bbox 97 3343 224 3412; x_wconf 84' lang='lat' dir='ltr'>alioquin</span> <span class='ocrx_word' id='word_1_276' title='bbox 243 3342 326 3395; x_wconf 84' lang='lat' dir='ltr'>vitam</span> <span class='ocrx_word' id='word_1_277' title='bbox 346 3289 520 3395; x_wconf 50' lang='lat' dir='ltr'>discissam:</span> <span class='ocrx_word' id='word_1_278' title='bbox 539 3359 626 3413; x_wconf 87' lang='lat' dir='ltr'>usque</span> <span class='ocrx_word' id='word_1_279' title='bbox 646 3342 716 3393; x_wconf 90' lang='lat' dir='ltr'>adeo</span> <span class='ocrx_word' id='word_1_280' title='bbox 734 3337 803 3392; x_wconf 90' lang='lat' dir='ltr'>mibi</span> <span class='ocrx_word' id='word_1_281' title='bbox 821 3346 933 3410; x_wconf 85' lang='lat' dir='ltr'>superet</span> <span class='ocrx_word' id='word_1_282' title='bbox 945 3353 1038 3390; x_wconf 86' lang='lat' dir='ltr'>eorum</span> <span class='ocrx_word' id='word_1_283' title='bbox 1052 3333 1116 3389; x_wconf 86' lang='lat' dir='ltr'>osli-</span> 
     </span>
     <span class='ocr_line' id='line_1_32' title="bbox 29 3410 1117 3486; baseline -0.004 -24"><span class='ocrx_word' id='word_1_284' title='bbox 29 3419 161 3474; x_wconf 57' lang='lat' dir='ltr'>emtum</span> <span class='ocrx_word' id='word_1_285' title='bbox 180 3412 245 3486; x_wconf 87' lang='lat' dir='ltr'>quia</span> <span class='ocrx_word' id='word_1_286' title='bbox 263 3414 446 3484; x_wconf 70' lang='lat' dir='ltr'>religionibus</span> <span class='ocrx_word' id='word_1_287' title='bbox 480 3429 512 3464; x_wconf 91' lang='lat' dir='ltr'>ac</span> <span class='ocrx_word' id='word_1_288' title='bbox 544 3413 718 3467; x_wconf 73' lang='lat' dir='ltr'>caerimoniis</span> <span class='ocrx_word' id='word_1_289' title='bbox 742 3410 921 3464; x_wconf 69' lang='lat' dir='ltr'>diversissimi</span> <span class='ocrx_word' id='word_1_290' title='bbox 946 3415 1025 3473; x_wconf 86' lang='lat' dir='ltr'>suut,</span> <span class='ocrx_word' id='word_1_291' title='bbox 1056 3414 1117 3459; x_wconf 85' lang='lat' dir='ltr'>tum</span> 
     </span>
     <span class='ocr_line' id='line_1_33' title="bbox 28 3480 1117 3553; baseline -0.003 -21"><span class='ocrx_word' id='word_1_292' title='bbox 28 3483 87 3550; x_wconf 87' lang='lat' dir='ltr'>quia</span> <span class='ocrx_word' id='word_1_293' title='bbox 104 3485 162 3535; x_wconf 85' lang='lat' dir='ltr'>iarn</span> <span class='ocrx_word' id='word_1_294' title='bbox 180 3483 286 3553; x_wconf 85' lang='lat' dir='ltr'>pridem</span> <span class='ocrx_word' id='word_1_295' title='bbox 314 3493 342 3538; x_wconf 88' lang='lat' dir='ltr'>et</span> <span class='ocrx_word' id='word_1_296' title='bbox 359 3485 453 3537; x_wconf 90' lang='lat' dir='ltr'>multis</span> <span class='ocrx_word' id='word_1_297' title='bbox 472 3486 549 3538; x_wconf 89' lang='lat' dir='ltr'>annis</span> <span class='ocrx_word' id='word_1_298' title='bbox 577 3487 710 3538; x_wconf 81' lang='lat' dir='ltr'>Romanos</span> <span class='ocrx_word' id='word_1_299' title='bbox 738 3482 857 3536; x_wconf 73' lang='lat' dir='ltr'>infandis</span> <span class='ocrx_word' id='word_1_300' title='bbox 877 3480 1050 3534; x_wconf 82' lang='lat' dir='ltr'>detrimentis</span> <span class='ocrx_word' id='word_1_301' title='bbox 1068 3495 1117 3530; x_wconf 91' lang='lat' dir='ltr'>cu·</span> 
     </span>
     <span class='ocr_line' id='line_1_34' title="bbox 26 3549 1116 3625; baseline -0.001 -24"><span class='ocrx_word' id='word_1_302' title='bbox 26 3553 173 3615; x_wconf 82' lang='lat' dir='ltr'>mularunt,</span> <span class='ocrx_word' id='word_1_303' title='bbox 192 3571 242 3606; x_wconf 88' lang='lat' dir='ltr'>nee</span> <span class='ocrx_word' id='word_1_304' title='bbox 264 3555 316 3608; x_wconf 90' lang='lat' dir='ltr'>ulli</span> <span class='ocrx_word' id='word_1_305' title='bbox 335 3557 420 3610; x_wconf 83' lang='lat' dir='ltr'>ferme</span> <span class='ocrx_word' id='word_1_306' title='bbox 433 3571 490 3608; x_wconf 89' lang='lat' dir='ltr'>non</span> <span class='ocrx_word' id='word_1_307' title='bbox 508 3562 674 3610; x_wconf 87' lang='lat' dir='ltr'>nocuerunt:</span> <span class='ocrx_word' id='word_1_308' title='bbox 701 3569 753 3606; x_wconf 87' lang='lat' dir='ltr'>nec</span> <span class='ocrx_word' id='word_1_309' title='bbox 778 3552 919 3625; x_wconf 86' lang='lat' dir='ltr'>usque-ad</span> <span class='ocrx_word' id='word_1_310' title='bbox 938 3551 1012 3604; x_wconf 90' lang='lat' dir='ltr'>hunc</span> <span class='ocrx_word' id='word_1_311' title='bbox 1040 3549 1116 3602; x_wconf 87' lang='lat' dir='ltr'>diem</span> 
     </span>
     <span class='ocr_line' id='line_1_35' title="bbox 26 3623 1117 3696; baseline 0 -26"><span class='ocrx_word' id='word_1_312' title='bbox 26 3623 143 3676; x_wconf 87' lang='lat' dir='ltr'>iniuriae</span> <span class='ocrx_word' id='word_1_313' title='bbox 162 3625 303 3676; x_wconf 76' lang='lat' dir='ltr'>faciendae</span> <span class='ocrx_word' id='word_1_314' title='bbox 323 3643 370 3680; x_wconf 86' lang='lat' dir='ltr'>eos</span> <span class='ocrx_word' id='word_1_315' title='bbox 388 3627 462 3696; x_wconf 84' lang='lat' dir='ltr'>cepit</span> <span class='ocrx_word' id='word_1_316' title='bbox 480 3629 611 3689; x_wconf 73' lang='lat' dir='ltr'>satietas,</span> <span class='ocrx_word' id='word_1_317' title='bbox 634 3626 683 3678; x_wconf 90' lang='lat' dir='ltr'>sed</span> <span class='ocrx_word' id='word_1_318' title='bbox 707 3623 738 3674; x_wconf 90' lang='lat' dir='ltr'>in</span> <span class='ocrx_word' id='word_1_319' title='bbox 762 3623 908 3676; x_wconf 84' lang='lat' dir='ltr'>Thraciam</span> <span class='ocrx_word' id='word_1_320' title='bbox 935 3636 1047 3695; x_wconf 86' lang='lat' dir='ltr'>quoque</span> <span class='ocrx_word' id='word_1_321' title='bbox 1072 3623 1117 3671; x_wconf 92' lang='lat' dir='ltr'>ln-</span> 
     </span>
     <span class='ocr_line' id='line_1_36' title="bbox 27 3687 1117 3767; baseline 0.002 -27"><span class='ocrx_word' id='word_1_322' title='bbox 27 3691 87 3756; x_wconf 82' lang='lat' dir='ltr'>tosi‚</span> <span class='ocrx_word' id='word_1_323' title='bbox 106 3694 188 3747; x_wconf 89' lang='lat' dir='ltr'>urbes</span> <span class='ocrx_word' id='word_1_324' title='bbox 204 3696 356 3765; x_wconf 83' lang='lat' dir='ltr'>complures</span> <span class='ocrx_word' id='word_1_325' title='bbox 374 3705 519 3766; x_wconf 87' lang='lat' dir='ltr'>occupant,</span> <span class='ocrx_word' id='word_1_326' title='bbox 532 3697 791 3767; x_wconf 83' lang='lat' dir='ltr'>depopulanturque</span> <span class='ocrx_word' id='word_1_327' title='bbox 809 3701 902 3747; x_wconf 86' lang='lat' dir='ltr'>nostra</span> <span class='ocrx_word' id='word_1_328' title='bbox 921 3693 1020 3744; x_wconf 89' lang='lat' dir='ltr'>omnia.</span> <span class='ocrx_word' id='word_1_329' title='bbox 1040 3687 1117 3758; x_wconf 87' lang='lat' dir='ltr'>Quid</span> 
     </span>
     <span class='ocr_line' id='line_1_37' title="bbox 26 3763 1117 3840; baseline -0.003 -27"><span class='ocrx_word' id='word_1_330' title='bbox 26 3763 106 3832; x_wconf 77' lang='lat' dir='ltr'>igitar</span> <span class='ocrx_word' id='word_1_331' title='bbox 128 3773 179 3828; x_wconf 84' lang='lat' dir='ltr'>est,</span> <span class='ocrx_word' id='word_1_332' title='bbox 197 3775 309 3838; x_wconf 83' lang='lat' dir='ltr'>quaerat</span> <span class='ocrx_word' id='word_1_333' title='bbox 327 3770 439 3840; x_wconf 84' lang='lat' dir='ltr'>aliquis,</span> <span class='ocrx_word' id='word_1_334' title='bbox 459 3783 520 3819; x_wconf 89' lang='lat' dir='ltr'>cum</span> <span class='ocrx_word' id='word_1_335' title='bbox 539 3767 578 3820; x_wconf 83' lang='lat' dir='ltr'>eie</span> <span class='ocrx_word' id='word_1_336' title='bbox 596 3781 643 3818; x_wconf 88' lang='lat' dir='ltr'>eos</span> <span class='ocrx_word' id='word_1_337' title='bbox 662 3763 878 3835; x_wconf 88' lang='lat' dir='ltr'>detester,quod</span> <span class='ocrx_word' id='word_1_338' title='bbox 895 3779 947 3814; x_wconf 90' lang='lat' dir='ltr'>nec</span> <span class='ocrx_word' id='word_1_339' title='bbox 964 3763 1040 3832; x_wconf 87' lang='lat' dir='ltr'>prius</span> <span class='ocrx_word' id='word_1_340' title='bbox 1065 3772 1117 3827; x_wconf 90' lang='lat' dir='ltr'>op-</span> 
     </span>
     <span class='ocr_line' id='line_1_38' title="bbox 26 3825 1118 3916; baseline -0.007 -28"><span class='ocrx_word' id='word_1_341' title='bbox 26 3850 144 3916; x_wconf 64' lang='lat' dir='ltr'>pugnare</span> <span class='ocrx_word' id='word_1_342' title='bbox 166 3854 212 3890; x_wconf 87' lang='lat' dir='ltr'>eos</span> <span class='ocrx_word' id='word_1_343' title='bbox 233 3841 429 3908; x_wconf 87' lang='lat' dir='ltr'>concupierim,</span> <span class='ocrx_word' id='word_1_344' title='bbox 450 3847 478 3890; x_wconf 87' lang='lat' dir='ltr'>et</span> <span class='ocrx_word' id='word_1_345' title='bbox 488 3855 535 3890; x_wconf 84' lang='lat' dir='ltr'>vos</span> <span class='ocrx_word' id='word_1_346' title='bbox 553 3853 627 3890; x_wconf 87' lang='lat' dir='ltr'>nune</span> <span class='ocrx_word' id='word_1_347' title='bbox 644 3836 679 3887; x_wconf 81' lang='lat' dir='ltr'>arl</span> <span class='ocrx_word' id='word_1_348' title='bbox 702 3834 796 3886; x_wconf 86' lang='lat' dir='ltr'>idtam</span> <span class='ocrx_word' id='word_1_349' title='bbox 811 3843 914 3887; x_wconf 88' lang='lat' dir='ltr'>erectos</span> <span class='ocrx_word' id='word_1_350' title='bbox 930 3825 1118 3885; x_wconf 81' lang='lat' dir='ltr'>absterreami</span> 
     </span>
     <span class='ocr_line' id='line_1_39' title="bbox 27 3901 1117 3980; baseline -0.007 -21"><span class='ocrx_word' id='word_1_351' title='bbox 27 3903 107 3974; x_wconf 71' lang='lat' dir='ltr'>qast,</span> <span class='ocrx_word' id='word_1_352' title='bbox 125 3908 201 3980; x_wconf 92' lang='lat' dir='ltr'>quod</span> <span class='ocrx_word' id='word_1_353' title='bbox 222 3920 377 3978; x_wconf 87' lang='lat' dir='ltr'>praesentes</span> <span class='ocrx_word' id='word_1_354' title='bbox 394 3911 465 3962; x_wconf 88' lang='lat' dir='ltr'>vires</span> <span class='ocrx_word' id='word_1_355' title='bbox 483 3917 591 3961; x_wconf 88' lang='lat' dir='ltr'>nostras</span> <span class='ocrx_word' id='word_1_356' title='bbox 608 3905 785 3976; x_wconf 79' lang='lat' dir='ltr'>expendens,</span> <span class='ocrx_word' id='word_1_357' title='bbox 805 3921 855 3956; x_wconf 90' lang='lat' dir='ltr'>nec</span> <span class='ocrx_word' id='word_1_358' title='bbox 872 3905 1003 3958; x_wconf 85' lang='lat' dir='ltr'>hactenus</span> <span class='ocrx_word' id='word_1_359' title='bbox 1022 3901 1117 3963; x_wconf 80' lang='lat' dir='ltr'>fuisse,</span> 
     </span>
     <span class='ocr_line' id='line_1_40' title="bbox 27 3977 1118 4049; baseline -0.005 -20"><span class='ocrx_word' id='word_1_360' title='bbox 27 3991 74 4026; x_wconf 82' lang='lat' dir='ltr'>nec</span> <span class='ocrx_word' id='word_1_361' title='bbox 92 3977 176 4032; x_wconf 91' lang='lat' dir='ltr'>modo</span> <span class='ocrx_word' id='word_1_362' title='bbox 194 3994 252 4031; x_wconf 88' lang='lat' dir='ltr'>esse</span> <span class='ocrx_word' id='word_1_363' title='bbox 271 3996 349 4049; x_wconf 86' lang='lat' dir='ltr'>pares</span> <span class='ocrx_word' id='word_1_364' title='bbox 369 3980 424 4033; x_wconf 93' lang='lat' dir='ltr'>illis</span> <span class='ocrx_word' id='word_1_365' title='bbox 443 3979 578 4032; x_wconf 80' lang='lat' dir='ltr'>invenio?</span> <span class='ocrx_word' id='word_1_366' title='bbox 603 3980 672 4047; x_wconf 78' lang='lat' dir='ltr'>Ergo</span> <span class='ocrx_word' id='word_1_367' title='bbox 691 3985 730 4040; x_wconf 88' lang='lat' dir='ltr'>tu,</span> <span class='ocrx_word' id='word_1_368' title='bbox 749 3983 872 4029; x_wconf 85' lang='lat' dir='ltr'>occurret</span> <span class='ocrx_word' id='word_1_369' title='bbox 885 3977 1033 4045; x_wconf 88' lang='lat' dir='ltr'>quispiam,</span> <span class='ocrx_word' id='word_1_370' title='bbox 1051 3987 1118 4044; x_wconf 87' lang='lat' dir='ltr'>prae</span> 
     </span>
     <span class='ocr_line' id='line_1_41' title="bbox 28 4041 1119 4119; baseline -0.005 -21"><span class='ocrx_word' id='word_1_371' title='bbox 28 4045 132 4112; x_wconf 85' lang='lat' dir='ltr'>pudore</span> <span class='ocrx_word' id='word_1_372' title='bbox 150 4047 274 4102; x_wconf 80' lang='lat' dir='ltr'>obvelata</span> <span class='ocrx_word' id='word_1_373' title='bbox 293 4050 362 4103; x_wconf 82' lang='lat' dir='ltr'>faeie</span> <span class='ocrx_word' id='word_1_374' title='bbox 381 4059 409 4102; x_wconf 90' lang='lat' dir='ltr'>et</span> <span class='ocrx_word' id='word_1_375' title='bbox 435 4052 524 4101; x_wconf 88' lang='lat' dir='ltr'>salute</span> <span class='ocrx_word' id='word_1_376' title='bbox 542 4065 651 4119; x_wconf 87' lang='lat' dir='ltr'>prorsus</span> <span class='ocrx_word' id='word_1_377' title='bbox 671 4047 823 4116; x_wconf 85' lang='lat' dir='ltr'>desperata,</span> <span class='ocrx_word' id='word_1_378' title='bbox 845 4045 957 4097; x_wconf 83' lang='lat' dir='ltr'>silentio</span> <span class='ocrx_word' id='word_1_379' title='bbox 977 4041 1058 4095; x_wconf 89' lang='lat' dir='ltr'>nobis</span> <span class='ocrx_word' id='word_1_380' title='bbox 1076 4041 1119 4093; x_wconf 84' lang='lat' dir='ltr'>se-</span> 
     </span>
     <span class='ocr_line' id='line_1_42' title="bbox 28 4111 1119 4190; baseline -0.001 -23"><span class='ocrx_word' id='word_1_381' title='bbox 28 4117 123 4169; x_wconf 81' lang='lat' dir='ltr'>rendas</span> <span class='ocrx_word' id='word_1_382' title='bbox 142 4117 234 4188; x_wconf 76' lang='lat' dir='ltr'>plagas</span> <span class='ocrx_word' id='word_1_383' title='bbox 259 4129 286 4173; x_wconf 88' lang='grc' dir='ltr'>ελ</span> <span class='ocrx_word' id='word_1_384' title='bbox 317 4125 351 4174; x_wconf 82' lang='lat' dir='ltr'>in·</span> <span class='ocrx_word' id='word_1_385' title='bbox 367 4119 515 4184; x_wconf 82' lang='lat' dir='ltr'>omnibus,</span> <span class='ocrx_word' id='word_1_386' title='bbox 545 4131 673 4190; x_wconf 83' lang='lat' dir='ltr'>tanquam</span> <span class='ocrx_word' id='word_1_387' title='bbox 693 4116 766 4170; x_wconf 84' lang='lat' dir='ltr'>beris</span> <span class='ocrx_word' id='word_1_388' title='bbox 785 4115 1031 4188; x_wconf 85' lang='lat' dir='ltr'>praecipientibus,</span> <span class='ocrx_word' id='word_1_389' title='bbox 1049 4111 1119 4166; x_wconf 88' lang='lat' dir='ltr'>obe·</span> 
     </span>
     <span class='ocr_line' id='line_1_43' title="bbox 28 4183 1119 4258; baseline -0.002 -22"><span class='ocrx_word' id='word_1_390' title='bbox 28 4187 159 4240; x_wconf 82' lang='lat' dir='ltr'>silendum</span> <span class='ocrx_word' id='word_1_391' title='bbox 179 4191 302 4244; x_wconf 86' lang='lat' dir='ltr'>barbaris</span> <span class='ocrx_word' id='word_1_392' title='bbox 320 4191 482 4246; x_wconf 76' lang='lat' dir='ltr'>existimas?</span> <span class='ocrx_word' id='word_1_393' title='bbox 516 4191 632 4244; x_wconf 82' lang='lat' dir='ltr'>Minime</span> <span class='ocrx_word' id='word_1_394' title='bbox 660 4191 803 4258; x_wconf 80' lang='lat' dir='ltr'>gentium,</span> <span class='ocrx_word' id='word_1_395' title='bbox 828 4187 876 4240; x_wconf 86' lang='lat' dir='ltr'>scd</span> <span class='ocrx_word' id='word_1_396' title='bbox 900 4183 1119 4255; x_wconf 79' lang='lat' dir='ltr'>belligerandum</span> 
     </span>
     <span class='ocr_line' id='line_1_44' title="bbox 29 4257 1119 4334; baseline -0.001 -26"><span class='ocrx_word' id='word_1_397' title='bbox 29 4259 118 4324; x_wconf 86' lang='lat' dir='ltr'>potius</span> <span class='ocrx_word' id='word_1_398' title='bbox 142 4265 171 4314; x_wconf 88' lang='grc' dir='ltr'>ελ</span> <span class='ocrx_word' id='word_1_399' title='bbox 192 4262 222 4314; x_wconf 89' lang='lat' dir='ltr'>iu</span> <span class='ocrx_word' id='word_1_400' title='bbox 242 4261 293 4317; x_wconf 90' lang='lat' dir='ltr'>boc</span> <span class='ocrx_word' id='word_1_401' title='bbox 310 4263 535 4330; x_wconf 85' lang='lat' dir='ltr'>incombendum,</span> <span class='ocrx_word' id='word_1_402' title='bbox 553 4263 577 4318; x_wconf 86' lang='lat' dir='ltr'>si</span> <span class='ocrx_word' id='word_1_403' title='bbox 597 4265 627 4317; x_wconf 88' lang='lat' dir='ltr'>in</span> <span class='ocrx_word' id='word_1_404' title='bbox 645 4259 798 4334; x_wconf 83' lang='lat' dir='ltr'>quidquam</span> <span class='ocrx_word' id='word_1_405' title='bbox 818 4257 904 4320; x_wconf 85' lang='lat' dir='ltr'>aliud.</span> <span class='ocrx_word' id='word_1_406' title='bbox 942 4259 1006 4314; x_wconf 84' lang='lat' dir='ltr'>Non</span> <span class='ocrx_word' id='word_1_407' title='bbox 1026 4265 1119 4312; x_wconf 80' lang='lat' dir='ltr'>tamon</span> 
     </span>
    </p>
   </div>
   <div class='ocr_carea' id='block_1_6' title="bbox 0 0 1450 4932">
    <p class='ocr_par' dir='ltr' id='par_1_11' title="bbox 0 0 1450 4932">
     <span class='ocr_line' id='line_1_45' title="bbox 0 0 1450 4932; baseline 0 0"><span class='ocrx_word' id='word_1_408' title='bbox 0 0 1450 4932; x_wconf 95' lang='lat' dir='ltr'> </span> 
     </span>
    </p>
   </div>
  </div>
 </body>
</html>
