3098 4928
365 195 423 300 46
760 218 1039 288 reuertemur
1498 296 1502 355 i

211 385 241 438 Α.
251 380 279 434 c.
292 383 355 457 ιλύγ
365 403 455 448 πισεν
473 376 668 464 ὑπερβολὴν,
681 379 741 443 τίν’
759 374 827 462 ἔχει
847 377 938 464 λόγον
951 373 1138 443 ὑποπτεύειν
1156 378 1215 443 νύν
1234 375 1289 444 καί
1298 379 1440 460 νομίζειν,
1533 416 1535 434 ι

265 477 292 533 Ρ·
306 480 575 569 imprimeret
589 500 665 542 ποτε
685 477 781 544 κακὸν
801 477 875 564 περὶ
893 481 1029 561 βασιλέα
1049 476 1106 544 τύν
1126 475 1285 563 γαμβρὸν,
1310 471 1368 542 ἀλλ’
1379 469 1423 542 ον’-
1513 519 1535 552 «,

364 584 477 665 δεμίαν
492 579 673 646 ἀπολείπειν
693 577 805 656 ἀνοίιις
825 575 1000 665 ύπερβολήν
1011 605 1023 661 ,·
1045 583 1166 672 ,ταῦτα
1188 580 1247 658 μὲν
1267 571 1338 643 ούν”
1358 573 1422 662 ἔφα·
1504 614 1507 627 ·
1534 629 1535 638 ,

363 707 435 750 σκεν
463 682 614 763 ,ἐκείνοις
637 703 673 744 τε
701 675 829 764 ἔλεγχος
853 677 933 764 πρύς
961 679 1018 764 τήν
1043 676 1271 764 ’ἀγνωμοσύνην
1296 681 1346 742 καί
1362 677 1425 758 luo
1511 715 1514 720 ,

359 779 441 869 πρὸς
461 780 519 866 τὴν
539 781 669 860 ἀξιλσσιν
690 771 854 864 ἀπολογία.
876 782 916 844 ου’
933 779 993 864 γάρ
1025 783 1135 846 δίκαια
1162 781 1247 844 ‘otte
1274 771 1366 854 ἄλλας
1385 775 1445 843 tei
1534 841 1535 850 ,

360 885 485 948 νοείσθε
506 876 638 946 δυνατά.
679 880 814 960 βασιλέα
833 877 895 966 γὰρ
915 877 967 946 τὸν
990 877 1067 962 ε’μύν
1087 879 1231 964 γαμβρὸν
1262 869 1331 944 orire
1362 876 1427 942 ἀπο-
1509 905 1535 956 ι,

360 980 493 1048 κτείνειν
519 977 670 1060 δυνατὸν,
701 970 769 1046 οὔτ’
788 972 974 1065 ἀποστερεῖν
998 982 1056 1064 τῆς
1085 980 1250 1062 βασιλείας
1279 979 1353 1060 μετύ
1381 977 1429 1060 τῆς
1533 999 1535 1058 η

359 1077 520 1168 θυγατρὸς
539 1077 594 1146 τὸν
614 1079 724 1164 γάμον.
748 1071 821 1144 rire
833 1077 899 1166 μὴν
919 1080 1062 1162 βασιλίδι
1080 1081 1121 1168 τῇ
1138 1081 1239 1164 μητρί
1256 1079 1371 1144 δίκαιον
1389 1073 1431 1158 ἔγ-
1533 1122 1535 1156 ,

360 1188 468 1262 καλεῖν
488 1183 542 1266 ἐφ’
555 1174 602 1257 οἶς
625 1174 719 1245 οὐδὲν
739 1177 886 1266 συνῄδει,
918 1176 997 1244 ἀλλά
1019 1179 1125 1244 πᾶσαν
1152 1180 1259 1253 αύτοῖς
1281 1171 1432 1259 προσάγειν

357 1275 515 1362 βούλομαι
529 1279 662 1361 πάντας,
674 1276 732 1344 καί
749 1277 807 1362 τὴν
825 1271 952 1344 εύνοιαν
971 1282 1028 1343 καί
1045 1274 1104 1362 την
1125 1280 1217 1358 αἰδοῖ,
1230 1273 1337 1355 καθιύς
1348 1297 1432 1362 προο-
1444 1293 1467 1334 ῐο

241 1418 243 1422 ·
357 1378 426 1464 sices
455 1383 633 1462 βασιλεύοι.
672 1376 748 1454 τούς
779 1379 811 1443 δ’
833 1381 1113 1463 ἀγνωμονήσαντας
1141 1380 1280 1454 ἐκείνους
1307 1379 1360 1442 καί
1385 1370 1436 1460 ῥεί-
1521 1456 1522 1470 ¹

328 1489 481 1562 Βψαντας
501 1480 559 1564 τήν
579 1477 752 1565 ἐπιβουλὴν
770 1475 831 1563 byei
852 1475 910 1554 τάς
930 1479 1020 1556 ἀξίας
1040 1477 1097 1562 τῆς
1128 1479 1293 1564 ἐπιορκίας
1314 1469 1437 1559 ἀπαιιῆ·

357 1603 405 1646 σοι
426 1580 547 1656 δίκας.”
587 1575 605 1643 o‘
635 1582 696 1660 μὲν
718 1569 774 1645 σύν
793 1574 946 1662 βασιλεύς
972 1579 1102 1644 τοιαῦτα
1123 1585 1190 1654 τοῖς
1210 1579 1244 1644 ἐν
1268 1580 1353 1644 τέλει
1372 1577 1438 1642 ises-
1534 1635 1535 1658 ,

357 1681 475 1765 λέχθη,
497 1673 606 1766 δφόίς
633 1671 766 1763 ἤλπιζον
793 1675 893 1745 αύτύν
914 1678 1098 1764 έξορμησειν
1118 1679 1174 1744 ε’πί
1194 1676 1229 1744 τὸ
1253 1678 1359 1753 κακῶς
1376 1675 1439 1759 περί
1534 1731 1535 1760 ,

255 1775 284 1830 V.
297 1779 347 1851 584
354 1780 508 1863 βασιλίδα
550 1781 753 1846 διατίθεσθαι
788 1777 844 1845 καί
879 1781 1015 1861 βασιλέα
1043 1775 1097 1844 τύν
1124 1773 1277 1862 γαμβρόν.
1320 1774 1388 1844 ἐπεὶ
1412 1771 1474 1840 tut
1534 1827 1535 1850 2

356 1879 469 1944 ἐκείνοι
497 1877 637 1967 ἔγνωσαν
665 1880 831 1964 ἀνηνύτοις
851 1879 1083 1964 ἐπιχειροῦντες
1103 1879 1159 1942 καί
1171 1924 1182 1961 ,
1205 1873 1240 1942 τύ
1264 1871 1441 1959 λεγόμενον,

355 1977 531 2058 τοξεύοντες
559 1979 606 2055 είς
630 1971 785 2064 ούρανύν,
817 1973 1003 2062 ἀπογνόντες
1030 1974 1064 2041 τύ
1089 1978 1208 2044 ἐκεῖνον
1226 1978 1445 2058 μεταπείθειν,
1534 2027 1535 2058 ,

354 2074 411 2142 ἐπί
431 2079 582 2159 βασιλίδα
600 2075 744 2165 έχιύρουν
763 2078 822 2163 την
844 2075 1000 2163 Εἰρήνην,
1022 2073 1161 2158 οἰόμενοι
1173 2072 1444 2170 ,περιγενήσεσθαι
1534 2129 1535 2161 ,

355 2177 473 2262 ἐκείνης
501 2177 556 2243 καί
574 2177 695 2246 πείσειν
716 2177 826 2254 αύτούς
848 2181 1037 2264 προσέχειν,
1059 2177 1103 2253 ὥς
1126 2179 1280 2262 λυσιτελῆ
1299 2181 1446 2260 βουλευο-
1534 2227 1535 2261 η

355 2278 470 2366 μένοις.
513 2276 557 2354 ὥς
583 2280 620 2342 δὲ
644 2277 699 2343 καί
726 2276 809 2363 oter}
828 2285 898 2355 ταῖς
918 2273 1003 2351 ἴσαις
1023 2271 1046 2361 ἢ
1066 2276 1123 2340 καί
1141 2277 1395 2362 αάοτηροτέραις
1413 2271 1479 2357 siae

353 2376 479 2456 μείβετο
509 2375 712 2461 ἀπολογίαις,
744 2378 801 2442 καί
827 2372 991 2442 παύεσθαι
1021 2378 1145 2440 ἐκέλευε
1178 2375 1340 2458 μεγάλαις
1361 2367 1449 2448 αὖθις
1534 2427 1535 2447 ,

325 2473 535 2560 ίἔσυμφοραῖς
554 2474 630 2552 τούς
646 2477 825 2559 Ῥωμαίους
845 2477 1082 2562 ἐπιχειροῦντος
1097 2473 1305 2560 περιβάλλειν
1314 2524 1326 2558 ,
1348 2468 1447 2558 οἵσπερ
1534 2543 1535 2554 η

353 2569 429 2650 τούς
450 2576 601 2658 ἐλέγχους
622 2578 865 2660 αἰσχυνθέντες,
885 2574 915 2641 oi
934 2579 995 2658 μέν
1014 2574 1071 2642 καί
1084 2578 1242 2650 παντελῶς
1267 2571 1451 2660 ἡσύχασαν,

424 2703 462 2756 ¹9·
480 2687 700 2758 βοοκευομένοις
717 2687 745 2742 P.

351 2803 437 2842 σασα
456 2804 562 2842 summa
587 2788 720 2842 bonitatis
750 2791 915 2844 excellentia
944 2791 1081 2862 quispiam
1106 2790 1292 2861 speravisset,
1322 2771 1375 2845 cnr
1401 2787 1455 2842 sine

353 2861 461 2914 ratione
478 2877 552 2914 nune
569 2861 751 2931 suspicentur,
771 2869 800 2914 et
817 2861 968 2932 aliquando
987 2863 1017 2914 in
1035 2877 1165 2932 generum
1183 2863 1390 2930 imperatorem
1409 2861 1455 2910 im·

351 2931 469 3000 probum
495 2939 635 3055 repertum
664 2934 700 2985 iri
727 2939 755 2984 et
789 2933 819 2984 in
846 2951 908 2984 eum
933 2932 1005 2984 nihil
1029 2933 1166 2985 amentiae
1189 2935 1458 3001 praetermissurum
1534 2979 1535 3000 ,

352 3004 511 3056 existiment
551 3004 644 3069 „llaec
653 3003 766 3074 igitur‚''
776 3003 878 3074 inquit,
887 3011 936 3066 „et
946 3002 1004 3056 illis
1014 3005 1048 3056 ad
1061 3005 1100 3054 ini
1122 3005 1236 3056 uitatem
1246 3019 1354 3056 eorum
1369 3001 1458 3055 redar-
1534 3005 1535 3008 ’

351 3073 484 3141 fluendum
506 3074 586 3126 etesi
604 3075 735 3144 petitioni
754 3083 860 3126 vestrae
885 3074 1107 3146 respondendum
1127 3075 1252 3128 dixerim.
1306 3069 1461 3127 Nee'snln
1534 3111 1535 3140 ,

352 3159 451 3212 seque,
468 3144 550 3207 addo,
567 3161 619 3197 nec
636 3161 707 3214 quae
727 3145 787 3197 lieri
806 3153 925 3214 quosne,
944 3147 1078 3214 cogitatis.
1098 3147 1301 3215 Imperatorem
1325 3146 1406 3199 enim
1417 3159 1462 3211 ge·
1534 3151 1535 3204 ζ

351 3227 448 3264 nerum
475 3231 566 3266 meum
597 3215 721 3267 occidere
747 3231 803 3265 non
830 3231 959 3284 possum,
986 3231 1077 3286 neque
1097 3217 1358 3285 praecollocatam
1380 3215 1462 3266 liliam
1534 3205 1535 3228 ¹

351 3299 440 3334 meam
459 3287 574 3354 imperio
594 3284 750 3338 deturbare.
787 3283 884 3355 Neque
901 3302 966 3340 sero
985 3293 1100 3340 matrem
1119 3288 1177 3338 eius
1196 3287 1362 3356 Augustam
1374 3285 1414 3340 ob
1428 3299 1467 3344 es,

353 3369 469 3423 quorum
494 3356 600 3408 conscie
624 3372 680 3406 non
705 3361 765 3420 est,
789 3371 915 3408 accusare
936 3355 1026 3414 decet.
1061 3355 1138 3426 Quin
1156 3371 1206 3424 ego
1229 3355 1340 3410 ambos
1368 3373 1404 3408 es
1420 3354 1468 3406 be·

354 3426 514 3478 accolentis
535 3433 564 3478 et
580 3428 758 3478 veneratione
777 3427 830 3477 coli
850 3427 929 3488 volo,
953 3443 1036 3496 quam
1054 3429 1183 3479 maiestas
1202 3428 1400 3497 imperatoria
1420 3441 1469 3496 po·

352 3495 446 3547 stulat.
481 3497 664 3550 Acceleratis
681 3505 771 3549 autem
791 3497 848 3548 illis
874 3506 903 3550 et
920 3497 1085 3551 insidiarum
1104 3500 1354 3568 compositoribus
1388 3495 1474 3550 meri·
1534 3509 1535 3554 l

352 3569 393 3618 tes
407 3564 522 3636 periurii
538 3583 639 3636 poenas
654 3568 806 3636 expetam.’'
844 3567 915 3621 llaec
933 3567 988 3621 suit
1002 3569 1176 3636 imperatoris
1196 3568 1231 3620 ad
1247 3585 1399 3638 proceres
1413 3583 1473 3618 ora·
1534 3595 1535 3654 η

351 3637 392 3686 tio
415 3653 464 3706 pro
482 3654 531 3700 eo,
549 3636 626 3707 quod
647 3639 737 3706 ipsum
757 3639 786 3690 in
807 3639 900 3692 odium
919 3639 1102 3706 imperatricis
1129 3648 1158 3691 et
1176 3642 1276 3710 generi
1308 3645 1475 3712 imperato·
1534 3659 1535 3673 ι

352 3705 389 3755 ris
409 3714 568 3778 erupturum
585 3717 765 3778 speraverant
802 3710 859 3778 Qui
878 3716 910 3761 ut
926 3725 955 3760 se
973 3725 1085 3778 operam
1099 3710 1225 3778 perdere,
1244 3719 1291 3776 et,
1309 3712 1399 3784 quod
1410 3725 1477 3780 pre·
1534 3724 1535 3738 ¹

352 3775 446 3829 verbio
459 3779 555 3842 sertor,
573 3781 603 3830 in
614 3780 721 3831 coelum
743 3781 868 3842 iaculari,
887 3789 1067 3850 agnoverunt,
1088 3782 1164 3834 illius
1175 3783 1352 3837 mutatione
1369 3781 1478 3848 despe-

353 3853 423 3908 rata,
442 3849 478 3899 erl
499 3849 606 3902 irenem
628 3853 830 3920 imperatricem
849 3866 879 3904 se
896 3851 1084 3914 contulerunt,
1103 3855 1164 3913 rati,
1184 3868 1241 3904 earn
1263 3869 1303 3906 se
1321 3865 1480 3924 expugna·

352 3922 429 3968 turos
446 3935 689 3990 percussoresque.
708 3921 820 3985 nisibi,
838 3929 977 3992 tamquam
995 3921 1067 3975 bene
1088 3923 1245 3986 monituris,
1266 3939 1367 3976 aures
1388 3925 1480 3976 daret·

291 4015 295 4027 -
353 3983 481 4039 Ceterum
503 3989 552 4042 ubi
574 3991 620 4041 illa
640 3990 733 4044 eadem
756 3992 902 4044 ueletiam
923 3993 1060 4046 severiora
1078 3992 1223 4062 respondit
1248 4000 1355 4065 atque
1386 4010 1405 4044 a
1426 3993 1481 4042 no-

352 4056 440 4106 mauis
470 4060 570 4111 iterum
597 4061 703 4130 maguis
721 4061 924 4116 calamitatibus
942 4063 1092 4116 obruendis
1113 4064 1247 4116 lacessere
1271 4065 1387 4128 iussit,
1408 4077 1485 4116 mon·

352 4124 425 4180 nulli
452 4127 564 4198 quidem
590 4131 850 4201 reprehensionibus
877 4134 938 4186 istis
957 4133 1114 4204 pudefacti,
1132 4135 1245 4190 omnino
1269 4137 1484 4206 quieverunt:
