3098 4928
221 719 508 813 teuniter
526 719 642 810 Tor
665 717 1200 811 KANTAKOYZHNOY

460 895 682 966 emoriere
698 897 900 966 esseron
925 897 966 964 A.

271 1119 575 1217 lOANNIS
608 1115 1141 1218 CANTACUZENI
1248 1127 1267 1160 ⁸

454 1300 750 1366 HISTORIARUM
770 1300 893 1365 LIBER
907 1301 968 1366 tv.

605 1503 812 1522 Μ

559 1749 866 1809 retractis.
965 1739 967 1748 '

241 1957 418 2033 Tests'Jicatur
436 1953 593 2023 historicus,
612 1975 651 2022 se,
671 1971 833 2032 quaegesta
849 1960 915 2020 sint,
926 1954 1055 2030 fideliter
1065 1972 1258 2014 narraturum.

166 2031 337 2099 imperatris
356 2027 499 2102 enmfilis's
507 2043 571 2082 ante
583 2030 786 2098 imaginemDei
795 2030 940 2098 genitricis
953 2031 1102 2081 consistens
1114 2033 1155 2082 sic
1172 2035 1259 2086 tacite

166 2101 288 2153 uictoris
312 2097 533 2154 misericordiam
552 2101 689 2170 implorat.
727 2101 806 2154 iurat
823 2097 921 2150 ibidem
941 2099 1168 2164 Cantacuzenus,
1193 2120 1221 2154 se
1240 2120 1260 2156 a

166 2173 286 2223 ert-tm
310 2170 444 2222 alienum.
486 2170 588 2222 biliam
612 2171 744 2222 Helenam
768 2172 871 2221 loanni
900 2170 936 2219 im
955 2171 1062 2222 aratori
1087 2169 1262 2224 adolescenti

166 2239 332 2312 despondet.
367 2241 550 2292 iuramentum
570 2239 685 2292 subditis
694 2238 823 2310 dissertur.
859 2187 971 2292 Naidis
989 2239 1162 2359 repragantes
1187 2244 1264 2294 utri-

169 2329 218 2382 que
245 2311 413 2378 imperatori
435 2323 637 2362 sacramentum
654 2309 746 2364 dicere
767 2323 923 2380 coguntur:
947 2307 980 2360 de
1025 2311 1088 2361 onis
1118 2313 1264 2364 mobilibus

167 2397 216 2450 per
231 2381 337 2432 tettan
355 2381 487 2432 alienatis
504 2381 622 2445 sanctio,
658 2381 766 2432 Helena
784 2379 947 2450 imperatrice
962 2378 1108 2431 salutatur.
1144 2373 1264 2452 Nuptiae

168 2462 356 2522 appas-antur.
400 2453 435 2504 In
459 2451 573 2521 imperio
592 2469 609 2503 a
632 2449 811 2502 seditionibus
830 2461 856 2502 et
874 2451 959 2500 armis
978 2466 1082 2502 summa
1099 2453 1266 2523 tranquilli-

165 2534 218 2572 tas.
256 2519 390 2573 Murano
412 2536 426 2572 c
451 2517 617 2573 lombardia
644 2521 817 2588 Byzantium,
840 2517 1074 2582 Thessalonicam,
1095 2525 1210 2583 Aenum,
1234 2533 1266 2574 ut

165 2592 220 2642 sttt
244 2592 309 2642 s'ttrc
334 2603 451 2656 paterno
469 2589 585 2652 debitas,
607 2607 742 2662 occupare
763 2591 868 2660 cogitat
887 2589 965 2659 (Cap.
989 2590 1021 2658 t).
1058 2591 1265 2646 Bartlsolomats'

165 2661 258 2732 legati
276 2658 350 2714 duae
368 2661 521 2730 epistolae,
539 2678 597 2713 nna
615 2660 654 2713 cd
664 2661 826 2715 Clementem
845 2660 900 2721 Vl,
927 2661 1076 2713 Romanum
1091 2662 1265 2734 pontificem,

166 2733 264 2784 alten
281 2728 323 2782 ad
338 2731 477 2800 Deifinttm
498 2729 689 2793 l'iennenssn,
710 2729 743 2783 de
758 2730 888 2783 laudibus
906 2729 1098 2783 Cantacuzeni
1114 2733 1265 2801 imperato-

166 2801 208 2852 ris
226 2802 279 2868 (a).
313 2801 448 2853 loannem
470 2801 661 2872 patriarcham
683 2804 870 2861 conveniens,
894 2801 921 2854 ei
937 2801 1042 2854 scelera
1060 2805 1215 2870 praeterita
1232 2803 1266 2854 in

168 2887 199 2922 sc
213 2883 243 2923 tt
261 2871 472 2939 rempublicam
490 2889 549 2924 cum
566 2869 723 2942 dogmatum
743 2873 883 2942 impietate
900 2869 1039 2923 obiectat:
1058 2870 1227 2925 l’atriarcbu
1245 2888 1265 2924 a

168 2938 283 3006 synodo
305 2937 474 3002 damnatur,
500 2942 578 2994 cuins
595 2943 686 2995 locum
704 2939 830 2994 Isidorus
848 2959 880 2994 ea
915 2941 973 2991 ssit.
1008 2939 1080 2991 Eius
1097 2939 1167 2992 laub.
1202 2944 1265 2994 blo-

169 3009 257 3062 ssaeiu'
277 3007 312 3062 de
334 3009 484 3062 ambitione
500 3012 713 3079 patriarchatus
732 2957 980 3081 reprehendimur.
1016 3009 1056 3060 Ab
1079 3007 1189 3062 Isidoro
1211 3011 1264 3062 im-

169 3093 286 3148 perator
302 3079 413 3148 publica
436 3079 611 3133 anathemate
634 3081 791 3138 absolvitur
807 3081 857 3146 (3).
898 3079 937 3130 Ab
956 3077 1082 3131 Orabane
1101 3093 1129 3131 et
1144 3082 1204 3131 eius
1213 3081 1265 3150 sa-

176 3151 253 3200 uitia
276 3150 389 3206 visitur.
434 3149 541 3201 Iterum
569 3153 600 3202 in
625 3151 788 3205 blachernis
813 3151 901 3201 iustas
928 3149 962 3200 ob
988 3165 1086 3200 causas
1105 3162 1264 3203 coronatur.

179 3218 277 3272 hanni
293 3218 461 3290 imperatori
477 3237 550 3271 usar
566 3224 701 3289 iungitur.
738 3223 778 3272 Dc
797 3221 921 3290 collapsa
934 3235 1061 3290 magnam
1074 3231 1181 3290 partem
1197 3217 1265 3272 aede

180 3287 291 3355 soptim
309 3292 443 3362 illiusque
461 3291 675 3345 instauratione.
715 3291 810 3344 Cralcs
830 3289 912 3342 semel
929 3301 957 3342 et
977 3291 1076 3342 iterum
1095 3291 1264 3359 appellatus,

179 3360 258 3411 urbas
275 3374 336 3425 post
364 3363 447 3413 ictum
469 3359 571 3427 foedus
600 3363 710 3414 ablatas
734 3363 924 3414 restituturum
948 3373 1042 3431 negat.
1080 3361 1184 3413 Contra
1203 3379 1264 3411 eum

172 3431 275 3496 eapite
295 3449 354 3484 cum
373 3431 491 3482 Persicis
516 3431 641 3484 auxiliis.
680 3430 787 3501 Oppida
805 3433 991 3501 imperatoris,
1010 3433 1142 3498 quoniam
1161 3449 1178 3480 a
1197 3431 1224 3483 T
1221 3433 1264 3483 ri-

168 3497 262 3550 tattts
275 3502 459 3562 tenebantur„
475 3498 642 3570 depraedati
654 3503 765 3559 Persae.
783 3501 814 3553 in
829 3498 906 3553 sedes
917 3517 982 3552 suas
993 3513 1183 3563 revertuntur,
1202 3519 1264 3553 cnm

168 3569 313 3624 Trebatius
325 3570 475 3624 devastare
486 3589 520 3624 ac
537 3570 659 3642 diripere
677 3569 834 3624 debuissent
850 3571 884 3638 (li
894 3573 912 3630 3.
947 3573 1100 3641 imperator
1118 3585 1263 3640 utrumque

163 3641 263 3712 filista
280 3655 309 3694 ct
317 3641 431 3726 fratres
448 3642 545 3694 uxoris
563 3643 722 3695 muneribus
743 3653 837 3694 ornat.
872 3641 1011 3694 Pecuniae
1029 3643 1134 3694 viritim
1148 3643 1264 3712 exigen-

165 3708 224 3764 dae
243 3713 393 3764 conatuum
411 3713 505 3781 capit.-
524 3711 615 3766 denuo
635 3730 662 3765 se
681 3714 867 3764 inconcione
887 3725 986 3766 eontra
1006 3711 1189 3780 sycophantas
1205 3725 1265 3764 tue·

163 3793 227 3842 tur,
247 3778 282 3834 dc
302 3781 402 3853 quibus
419 3783 547 3852 graviter
564 3783 764 3855 conqueritur:
782 3780 816 3834 de
833 3782 962 3835 barbaris
976 3781 1097 3835 subsidio
1111 3783 1222 3834 vocatis
1234 3797 1263 3834 se

158 3864 293 3922 psa-gat:
322 3853 432 3922 cuipam
450 3854 481 3904 in
498 3851 680 3906 adversarios
689 3853 799 3905 reiicit:
817 3849 850 3904 de
866 3850 971 3905 tuenda
986 3851 1139 3925 republica
1152 3864 1265 3904 senten·

158 3923 225 3974 tias
243 3923 337 3990 poscit
352 3923 403 3991 (5).
440 3923 550 3975 Civium
565 3923 764 3990 primariorum
783 3939 953 3990 responsum,
971 3940 1026 3994 qno
1039 3939 1127 3981 sunm,
1147 3925 1266 3991 impera·

157 3993 262 4054 toris,
289 3991 405 4053 militis,
428 3993 610 4056 mereatoris,
639 3992 750 4066 opificis
767 3991 888 4064 officium
906 3990 1064 4046 declarant.
1102 3993 1192 4044 Causa
1215 4007 1266 4043 es·
1316 4025 1327 4050 .

156 4063 298 4116 amonis
316 4063 507 4132 pecuniariae·
545 4063 581 4114 ln
599 4063 791 4133 imperatorem
808 4064 984 4116 inimicorum
996 4059 1156 4130 malignitas
1171 4073 1197 4113 et
1210 4061 1265 4114 cri-

53 4168 61 4185 .
157 4133 307 4188 animatio.
345 4131 470 4184 curtttts
485 4135 638 4202 pepercerit
657 4134 850 4206 negotiumque
868 4129 1030 4185 deseruerit.
1066 4129 1190 4184 Insidiae
1214 4147 1265 4180 no·

155 4220 227 4257 vae
256 4199 440 4272 quorumdam
456 4219 601 4271 procerum
619 4213 645 4256 et
667 4205 851 4274 cogitationes
867 4201 936 4256 belli
952 4218 981 4255 re
1002 4199 1114 4256 arandi.
1139 4185 1264 4251 'Dantur

156 4277 199 4330 t'st
220 4269 392 4335 maedan,
409 4273 575 4343 ignoscitur,
591 4274 720 4346 pristinis
729 4272 956 4345 functionibusr
990 4271 1095 4325 duntur
1105 4267 1154 4342 (6).
1189 4269 1263 4334 Que-
