2874 4944
282 350 338 417 tu
359 347 643 418 carricentur
671 353 747 414 ars.
771 354 811 416 11.
1013 321 1094 428 481

46 505 135 586 qratia,
154 505 185 570 id
203 507 295 592 accipi
314 505 405 570 debet
425 505 463 568 ds
483 508 577 590 gratia
597 517 628 568 et
646 515 794 588 potestate
813 505 945 582 ordinis,
969 527 1034 572 oon
1054 509 1101 570 iu·

45 588 220 653 risdictionis:
241 613 300 674 qua
324 589 399 654 alios
420 591 486 652 aliis
503 611 566 652 esse
585 590 723 666 maiores,
747 601 863 652 certum
886 601 981 652 estet
1007 592 1099 652 indu-

42 669 153 734 bitatum
173 673 250 756 apud
276 695 379 738 omnes
409 673 503 750 illos,
532 674 641 756 quibus
665 672 883 738 ecclesiasticae
911 673 1099 738 hierarchiae

43 755 138 835 gradus
156 759 295 840 perspecti
315 768 397 822 sunt.
421 777 560 826 carrara.

109 840 340 922 Pag.43d,2d.1
357 839 482 917 μέτεστι
504 837 560 920 τῆς
579 835 702 920 δωρεᾶς
721 838 767 899 Μ.

112 921 476 1004 Pag.435‚1.tosor
502 937 642 984 autem
663 945 712 984 ac
732 921 923 1007 splendor
942 923 1100 1000 sedium.
1182 949 1183 954 ¹

40 1001 108 1064 Cum
128 1004 196 1088 legis
216 1005 361 1070 bonorem
385 1003 631 1089 splendoremque
650 1009 765 1069 sedium
786 1027 877 1088 penes
887 1009 1099 1089 imperatorem

38 1105 113 1165 esse,
143 1093 226 1172 eique
251 1091 340 1152 licere
360 1110 470 1173 parvae
492 1091 576 1151 urhis
595 1090 767 1174 episcopatu
788 1088 914 1171 dignum
935 1091 1100 1154 iudicatum

36 1169 70 1228 ad
91 1173 226 1234 maiorem
249 1172 433 1256 provehere,
459 1172 487 1233 id
503 1195 542 1235 ne
562 1175 693 1237 mireris.
724 1172 890 1254 Postquam
900 1176 980 1235 enim
992 1174 1101 1236 Graeci

35 1273 50 1310 e
66 1253 186 1316 Romani
202 1258 349 1339 pontilicis
371 1257 539 1318 obedientia
557 1277 590 1318 se
610 1257 835 1336 subtraxerunt,
856 1259 958 1319 omnia
971 1278 1026 1321 suu
1042 1260 1102 1318 im-

34 1339 153 1414 peratori
173 1361 225 1422 per
249 1340 452 1402 adulationem
473 1339 664 1413 detulerunt,
686 1353 718 1402 et
736 1361 791 1422 pro
810 1343 881 1422 iugo
903 1340 963 1402 leui
985 1351 1015 1402 et
1039 1338 1100 1401 levi

33 1417 174 1484 Romanae
192 1423 334 1486 ecclesiae
363 1423 528 1486 cervicibus
548 1426 610 1486 suis
643 1427 777 1487 ferreum
796 1423 1001 1485 adsciverunt.
1044 1425 1102 1486 Se-

32 1502 83 1563 ruel
102 1508 180 1567 euim
212 1507 246 1569 in
275 1508 353 1569 hanc
376 1509 560 1590 provinciam
581 1509 778 1589 imperatores
798 1505 937 1580 admissi,
966 1505 1043 1568 nihil
1068 1509 1102 1568 in

31 1585 246 1670 ecclesiasticos,
268 1591 359 1674 inque
379 1592 457 1673 ipsos
477 1589 663 1672 patriarchas
685 1591 743 1654 sibi
758 1609 819 1650 aon
833 1591 1005 1673 permisere,
1017 1589 1102 1671 quod

28 1677 165 1734 testantur
184 1684 231 1737 tot
261 1674 486 1754 constitutiones
507 1673 693 1737 Graecorum
709 1677 926 1756 imperatorum
949 1673 988 1735 de
1010 1671 1103 1736 rebus

29 1751 224 1821 ecclesiasticis
255 1768 287 1820 et
322 1758 525 1820 commentarii
552 1757 740 1820 Balsamcais
777 1759 810 1816 in
854 1756 1103 1818 Nomccanonem

26 1831 120 1900 Photii
140 1843 225 1904 etin
247 1863 377 1904 canonas
398 1839 626 1916 conciliorum,
647 1858 812 1922 omnesque
834 1838 991 1918 historici,
1010 1850 1102 1920 quot·

27 1931 95 1998 quot
114 1937 183 2006 post
211 1936 318 1988 natum
337 1925 491 1988 dissidium
515 1926 668 1986 aLntinis
689 1946 738 1986 res
766 1925 966 1984 Graecanicas
986 1921 1103 1984 littera·

23 2019 85 2064 rum
105 2011 313 2072 monumentis
332 2007 592 2072 commendarunt.
615 2009 767 2086 Quocirca
787 2003 937 2068 arbitratu
957 2025 1012 2067 suo
1037 2006 1103 2087 epi-

23 2105 120 2180 ¹scopos
141 2091 315 2174 ponebant,
345 2091 557 2175 deponebant,
580 2089 784 2172 reponebant,
806 2087 1048 2167 tmmterebanr,
1073 2098 1105 2150 et

20 2174 220 2250 rubedinem,
244 2178 363 2258 quoties
382 2173 550 2240 collibitum
570 2186 647 2253 erat,
669 2171 864 2256 redigebant:
895 2171 1052 2254 privilegia
1074 2181 1105 2231 et

20 2253 234 2333 immunitates,
258 2257 361 2322 titulos
382 2271 413 2321 et
434 2257 593 2342 dignitates
607 2257 782 2340 augebant,
805 2255 995 2334 minuebant,
1016 2254 1105 2316 tolle·

19 2333 109 2420 bant,
131 2344 332 2426 ipsarumque
351 2341 527 2406 dioeceseon
550 2341 625 2404 fines
645 2339 830 2424 ampliabant
865 2350 918 2401 aut
943 2337 1105 2401 contrahe-
1213 2329 1218 2338 ’

18 2417 87 2484 bant
106 2423 269 2488 liberrime
288 2429 353 2490 siae
373 2425 465 2488 ullius
485 2437 569 2488 metu
590 2436 643 2488 aut
663 2424 848 2487 reverentiae
871 2423 1003 2504 ipsisque
1026 2421 1106 2482 Coa·

18 2507 301 2592 stantinopolitanae
322 2509 464 2572 ecclesiae
484 2508 672 2592 praesidibus
703 2509 842 2590 exignum
863 2526 936 2568 sane
957 2505 1107 2566 honorem

17 2583 186 2673 habebant3
211 2593 245 2656 id
267 2591 316 2656 vel
339 2593 411 2655 hiuc
431 2591 576 2676 colligas,
605 2590 707 2674 quod,
737 2603 772 2671 ot
793 2589 891 2670 inquit
911 2587 1106 2650 Innocentius

15 2677 116 2736 tertius
144 2699 217 2760 cap.
241 2675 355 2738 Solitae
376 2687 434 2740 ext.
461 2675 501 2737 de
521 2675 628 2741 maior.
662 2683 692 2736 et
714 2671 804 2734 obed.
833 2669 902 2731 rllos
935 2672 1018 2730 iuxta
1037 2689 1107 2730 sca-

14 2751 116 2818 bellum
124 2761 244 2843 pedum
259 2779 377 2822 saorrcm
392 2759 426 2820 in
440 2759 565 2820 sirtistra
585 2770 678 2842 parte
694 2753 794 2818 sedere
815 2766 870 2816 aut
878 2751 1042 2832 faciebant
1056 2763 1109 2812 arat

9 2843 247 2918 permittebant:
271 2863 347 2918 curri,
369 2851 405 2904 ut
424 2843 524 2924 inquit
545 2841 752 2918 innocentius,
773 2837 832 2899 atii
851 2857 931 2918 reges
945 2849 974 2896 et
989 2835 1109 2919 prinei-

7 2939 60 3002 pes
78 2926 320 3012 archiepiscopis
329 2937 359 2986 et
377 2924 520 3009 episcopis
539 2925 598 2984 siais
620 2923 708 3003 (sicrtt
729 2919 851 2998 debent)
873 2932 1038 2980 reverentes
1056 2939 1109 2978 as-

8 3023 133 3090 pergant
166 3024 199 3072 et
234 3007 277 3070 eis
302 3010 390 3072 iuxta
416 3029 447 3070 se
474 3007 673 3070 venerabilem
699 3004 799 3067 eedem
825 3003 982 3084 mst'gnent.
1026 2997 1111 3078 Quid
1218 3069 1221 3076 ¹

9 3091 89 3168 quod
112 3103 145 3154 et
167 3089 377 3174 patriarchale
405 3091 519 3174 pedum
553 3111 607 3154 seu
627 3101 789 3176 sceptrum¹
809 3107 844 3148 ex
866 3104 961 3146 manu
980 3083 1111 3166 impera-

5 3175 75 3236 toris
114 3175 316 3260 accipiebant
353 3184 383 3236 et
403 3183 523 3238 tantum
553 3195 616 3236 non
636 3173 676 3236 ab
703 3171 811 3234 iisdem
828 3165 1111 3230 consecrabantur?

8 3266 41 3315 ut
59 3257 200 3340 planum
234 3279 271 3320 ex
302 3255 509 3340 Cumpalata,
540 3259 594 3340 qui
625 3258 657 3318 in
678 3253 782 3320 libello
813 3251 851 3313 de
874 3247 979 3312 officiis
1010 3245 1110 3310 Aulae

6 3335 394 3424 Constantinopolitanae,
414 3339 490 3420 ntor*
510 3336 733 3421 προβλήσεως,
761 3338 800 3399 de
823 3334 1010 3418 patriarchae
1029 3330 1110 3392 desi·

4 3429 154 3500 gestione
177 3447 236 3488 seo
257 3425 487 3507 inauguratione
514 3425 554 3485 ab
575 3425 756 3514 imperatore
776 3419 840 3482 fieri
860 3416 960 3497 solita,
990 3416 1110 3497 copiose

1 3507 112 3571 scribit
129 3531 139 3570 c
180 3529 276 3594 quem
296 3519 326 3569 et
346 3508 388 3570 ait
408 3505 564 3570 traditioni
583 3507 642 3568 τοῦ
663 3502 838 3568 δικανικίου
860 3523 915 3564 seu
934 3501 1042 3583 sceptri
1056 3519 1112 3641 pa·

1 3590 187 3654 triarchalis
215 3591 290 3654 haec
311 3589 446 3654 solennia
467 3591 558 3652 rerba
581 3587 772 3652 adhibuisse:
803 3579 823 3669 ἦ
847 3580 921 3666 ἁγία
943 3577 1034 3664 τριὰς
1076 3575 1118 3639 ‘⁰⁶⁵⁴

19 3669 57 3750 ἧς
78 3675 163 3751 παρ’
189 3669 296 3756 aeltric
324 3669 520 3756 δωρηθείσης
541 3667 617 3754 ἡμῖν
642 3670 807 3753 βασιλείας
838 3659 1047 3750 προβάλλεται
1068 3662 1105 3723 σὲ

6 3749 270 3834 ’ρχιεπιλῐκοπον
293 3747 656 3828 Κωνσταντινουπόλεως
676 3757 750 3826 νέας
779 3743 902 3830 Ῥώμης
928 3739 983 3809 καὶ
1010 3741 1113 3806 οἰκον·

0 3894 1 3897 ,
25 3832 140 3900 εναὸν
164 3833 381 3918 πατριάρχην.
426 3839 474 3900 lta
498 3835 582 3920 quod
610 3857 629 3896 a
650 3837 789 3900 Romano
809 3831 949 3915 pontifice
968 3839 1115 3908 tauquam

0 3947 5 3974 τ
22 3948 30 3972 ο
61 3919 249 3984 universali
270 3917 384 3982 Christi
399 3919 514 3982 vicario
531 3929 747 4002 pastorumque
769 3927 889 3999 pastore
905 3907 1117 3992 accipiendum

0 4030 6 4048 =·
32 4015 95 4082 at,
121 4005 270 4086 accipere
291 4003 386 4064 coacti
409 4014 480 4065 sunt
500 4003 552 4077 (in
616 4022 725 4076 enam,
748 3999 870 4080 opinor,
892 3989 1015 4055 conflati
1035 3989 1116 4052 schi-

0 4093 138 4165 matis)
157 4085 205 4148 ab
229 4083 474 4168 imperatoribus,
494 4085 547 4168 qui
590 4083 702 4160 abant,
731 4079 813 4165 quod
836 4080 909 4140 dare
930 4074 1115 4158 nequibantc

50 4175 137 4256 quia
160 4167 208 4230 ad
229 4167 309 4230 ovile
330 4171 440 4230 reverti
460 4178 637 4240 renuerunt,
662 4165 761 4229 adhuc
783 4166 814 4224 in
831 4162 920 4243 longe
941 4158 1036 4244 magis
1056 4157 1117 4217 du·

18 4275 50 4314 ·s
76 4265 113 4315 et
139 4253 281 4314 immites
300 4254 469 4316 initiatores
490 4251 686 4331 inciderunt,
715 4251 746 4311 in
768 4249 847 4330 ipsos
869 4248 993 4328 inquam
1011 4253 1117 4306 hucu-

36 4375 280 4432 Cantacuzenur
300 4375 351 4430 111.
889 4371 920 4424 31
994 4419 997 4428 Δ
