3138 4938
374 247 433 350 46
770 269 1048 340 σιατεσστεαι

221 431 289 488 λθ.
302 434 464 507 stipatore
482 427 677 514 ὑπερβολὴν,
690 430 750 494 τίν’
768 426 836 513 ἔχει
857 428 947 514 λόγον
960 425 1147 494 ὑποπτεύειν
1165 430 1223 496 νύν
1242 427 1298 496 καί
1308 431 1444 511 νομίζειν,
1462 501 1464 506 ,
1531 451 1532 480 ι

275 529 302 583 Ρ·
316 531 584 619 Ῥθάφύὴσεσδαί
598 551 674 594 ποτε
694 529 790 594 xoris
810 529 884 614 περί
902 533 1037 611 βασιλέα
1058 527 1114 596 τδν
1135 526 1293 614 γαμβρὸν,
1320 521 1445 593 άλλόύ-
1531 511 1532 528 ¹

374 635 487 716 δεμιάν
502 631 682 698 ἀπολείπειν
703 629 814 708 ἀνοίας
834 627 1009 717 ύπερβσλὴν
1020 657 1031 713 ς
1053 635 1174 722 ,ταῦτα
1196 631 1255 710 μὲν
1275 622 1352 694 ούν”
1374 625 1444 713 ἔφα-

372 757 445 800 σκεν
472 734 623 813 ,ἐκείνοις
646 754 683 796 τε
710 725 837 814 ἔλεγχος
862 729 941 816 πρὸς
969 730 1027 816 τὴν
1055 729 1279 816 ἀγνωμοσύνην
1305 733 1358 794 aot
1376 728 1445 809 ripis

369 831 450 920 πρὸς
471 831 528 917 τὴν
548 831 679 910 α’·ξίασιν
698 822 863 915 οἷπολογία.
884 833 924 895 ου’
941 831 1002 916 γάρ
1034 835 1143 897 δίκαια
1180 831 1255 896 σύδδ
1282 822 1380 904 άλλως
1400 827 1467 894 tet

370 935 495 998 νσεΐσθε
515 928 647 997 δυνατά.
688 931 822 1012 βασιλέα
841 929 903 1016 γάρ
924 929 976 998 τὸν
998 929 1075 1014 ε’μὸν
1095 930 1239 1015 γαμβρὸν
1270 921 1342 994 orire
1375 927 1445 992 άπα-

369 1030 502 1099 ειτείνειν
529 1028 679 1112 δυνατδν,
709 1021 778 1096 οὔτ’
796 1023 982 1116 ἀποστερεῖν
1007 1033 1064 1115 τῆς
1094 1032 1258 1114 βασιλείας
1286 1030 1364 1112 μετά
1395 1029 1445 1111 τῆς

368 1128 529 1218 δυγατρδς
548 1129 603 1197 τάν
623 1130 734 1215 γάμον.
757 1121 829 1196 σύτο
842 1129 908 1216 μὴν
927 1132 1070 1213 βασιλίδι
1088 1133 1129 1220 τῇ
1146 1130 1248 1216 μητρί
1265 1129 1384 1194 δίκαιον
1402 1125 1448 1209 ἐγ-

370 1239 477 1312 ααλεῖν
497 1234 551 1318 ἐφ’
564 1225 611 1308 οἷς
634 1223 728 1296 υύδὲν
748 1229 895 1318 συνῄδει,
926 1227 1005 1295 itte
1026 1232 1133 1295 πᾶσαν
1160 1232 1268 1304 adroic
1289 1222 1448 1310 προσάγειν

367 1326 524 1414 βούλομαι
538 1329 671 1412 πάντας,
684 1328 740 1394 καί
757 1328 815 1414 τὴν
834 1323 960 1395 risores
980 1333 1036 1394 καί
1054 1327 1112 1414 τὴν
1133 1324 1485 1412 retinentemque-10

366 1430 440 1515 ήκει
464 1433 643 1514 βασιλεύοι.
681 1428 757 1506 τούς
789 1431 819 1494 δ’
841 1431 1122 1514 άγνωμονὴσαντας
1150 1432 1287 1505 ἐκείνους
1314 1430 1370 1493 καί
1395 1421 1448 1510 ῥά-

338 1539 490 1612 Βιγαντας
511 1531 569 1615 τήν
588 1528 761 1616 ἐπιβουλὴν
778 1527 840 1613 έγσδ
861 1526 919 1605 τάς
938 1529 1029 1608 οίξιας
1048 1530 1105 1613 τῆς
1136 1531 1301 1615 ἐπιορκίας
1322 1521 1449 1609 αἰιαιτὴ·

366 1653 414 1696 σου
435 1631 556 1706 δίκας.”
596 1627 614 1694 δ
644 1634 704 1712 μέν
727 1621 783 1696 ούν
801 1625 954 1713 βασιλεύς
980 1631 1110 1696 τοιαῦτα
1131 1637 1198 1704 τοϊς
1218 1631 1253 1696 έν
1276 1631 1360 1694 τέλει
1379 1629 1448 1692 drea

366 1732 484 1816 λέχθη,
506 1724 615 1817 έφόἶς
643 1722 774 1815 ἤλπιζον
802 1727 902 1795 αύτδν
923 1729 1107 1816 ἐξορμησειν
1126 1729 1182 1794 ε’πί
1201 1728 1238 1794 τὸ
1262 1729 1366 1803 κακῶς
1383 1725 1450 1809 περί

264 1825 294 1881 V.
307 1829 356 1902 tel
364 1831 516 1914 βασιλίδα
559 1832 762 1896 διατίθεσθαι
796 1827 853 1896 καί
888 1831 1023 1910 βασιλέα
1052 1827 1105 1895 τὸν
1132 1824 1284 1914 γαμβρόν.
1326 1825 1394 1892 ε’πεί
1419 1821 1484 1890 diti

365 1929 477 1994 εἰιελνοι
506 1927 646 2014 ἔγνωσαν
675 1931 839 2016 α’νηνύτοις
860 1931 1091 2015 ἐπιχειροῦντες
1112 1929 1168 1993 καί
1179 1975 1189 2012 ,
1213 1925 1248 1992 τά
1271 1921 1450 2011 λεγόμενον,

364 2027 540 2108 τοξεύοντες
568 2030 614 2106 είς
638 2022 794 2116 ούρανύν,
825 2025 1011 2113 ύπογνδντες
1038 2026 1073 2093 τά
1097 2029 1216 2094 ἐκεῖνον
1234 2028 1451 2110 μεταπείθειν,

364 2125 420 2192 ἐπί
440 2129 591 2209 βασιλίδα
609 2125 752 2215 έχούρουν
771 2130 831 2214 τὴν
853 2126 1008 2214 Εἰρήνην,
1031 2125 1169 2210 οἰόμενοι
1182 2123 1451 2220 ,περιγενήσεσθαι

364 2227 482 2312 inerint
509 2227 565 2294 καί
583 2228 704 2296 πείσειν
725 2227 835 2305 αύτοῖς
856 2233 1045 2315 προσέχειν,
1067 2227 1111 2304 ὥς
1134 2232 1286 2313 λυσιτελῆ
1305 2232 1450 2312 βουλευο-

365 2327 479 2414 μένοις.
522 2327 567 2405 οἱς
593 2331 629 2394 δὲ
653 2326 709 2395 καί
735 2327 817 2414 orias)
836 2337 907 2406 ταῖς
926 2324 1011 2402 ἴσαις
1032 2322 1054 2412 ἢ
1074 2329 1131 2392 καί
1149 2328 1398 2412 αύστηροτὲραις
1417 2322 1486 2406 η’·υο

362 2426 489 2507 μείβετυ
518 2426 720 2511 α’πολσγίαις,
752 2430 809 2494 καί
836 2423 999 2493 παύεσθαι
1030 2428 1153 2492 ἐκέλευε
1185 2424 1343 2509 μεγάλαις
1364 2416 1452 2500 addas

334 2523 544 2611 ὒσυμφοραῖς
562 2525 638 2602 τούς
655 2527 833 2608 Ῥωμαίους
854 2529 1090 2612 ἐπιχειροῦντας
1105 2523 1330 2612 περιβάλλειν,
1351 2519 1450 2606 ὥσπερ

362 2621 438 2700 τούς
459 2627 609 2709 ἐλέγχους
631 2629 873 2712 αἰσχυνθέντες,
894 2625 1003 2709 οἱμὲν
1022 2625 1079 2692 καί
1092 2629 1250 2700 παντελεῖς
1274 2621 1451 2710 ἡσύχασαν,
1531 2687 1532 2696 ,

433 2754 471 2807 ip
489 2737 709 2809 βοσιιευσμίνοις
726 2737 754 2792 P.

360 2853 412 2892 nec
430 2854 446 2891 a
465 2856 570 2904 somma
595 2840 729 2894 bonitatis
758 2841 924 2894 excellentia
952 2842 1090 2913 quispiam
1114 2841 1297 2911 speravisset,
1324 2855 1373 2894 cor
1398 2835 1451 2890 sine

361 2911 470 2964 ratione
487 2927 561 2965 nunc
578 2912 760 2982 suspicentur,
780 2921 809 2964 et
826 2912 976 2984 aliquando
995 2914 1025 2964 in
1043 2927 1173 2982 generum
1191 2913 1388 2980 imperatorem
1405 2909 1452 2959 im·
1531 2959 1532 2962 ,

360 2982 478 3049 probum
504 2992 643 3052 repertum
673 2984 709 3035 iri
735 2989 764 3034 et
798 2983 827 3034 in
854 3001 916 3034 eum
941 2983 1014 3035 nibil
1037 2985 1173 3036 amentiae
1196 2983 1452 3051 praetermissurum

361 3053 542 3106 existiment?
560 3054 653 3118 „llaec
662 3055 775 3124 igitur,”
785 3053 886 3124 inquit,
895 3061 944 3116 „et
955 3054 1012 3106 illis
1022 3055 1057 3106 ad
1068 3055 1107 3105 ini
1130 3055 1243 3106 uitatem
1254 3069 1352 3106 eorum
1366 3050 1453 3105 redar-
1531 3051 1532 3064 ¹

361 3122 493 3190 fluendum
515 3125 596 3176 etad
613 3125 745 3195 petitioni
763 3133 869 3176 vestrae
894 3123 1116 3195 respondendum
1135 3125 1260 3178 dixerim.
1308 3119 1452 3175 ltre'enim

361 3208 460 3262 aequo,
476 3193 558 3257 addo,
576 3212 628 3248 nec
645 3210 716 3265 quac
736 3195 795 3247 lieri
815 3203 933 3266 quesne,
952 3195 1086 3264 cogitatis.
1106 3197 1303 3265 Imperatorem
1325 3193 1452 3260 eoiorge·
1531 3197 1532 3224 r

360 3277 456 3314 nerum
484 3281 574 3316 meum
606 3265 730 3318 occidere
756 3281 813 3316 non
838 3281 967 3334 possum,
994 3281 1085 3336 neque
1106 3273 1170 3336 port
1188 3266 1354 3318 collocatam
1374 3264 1453 3315 liliam

360 3349 448 3384 meam
468 3336 583 3404 imperio
603 3334 758 3388 deturbare.
796 3333 893 3405 Neque
910 3353 975 3390 sero
993 3345 1108 3390 matrem
1127 3339 1186 3388 eius
1204 3337 1355 3406 Augustam
1366 3334 1402 3387 ob
1416 3345 1453 3392 θεν

362 3419 477 3473 quorum
503 3405 610 3458 conscia
633 3422 689 3458 non
713 3413 774 3470 est,
797 3421 924 3458 accusare
944 3404 1034 3464 decet,
1069 3407 1147 3477 Quin
1164 3421 1214 3475 ego
1237 3405 1336 3460 ambos
1361 3421 1394 3456 ea
1410 3402 1455 3454 be-

363 3476 523 3528 nevolentia
543 3485 572 3530 et
589 3477 767 3530 veneratione
786 3477 839 3528 coli
859 3477 938 3538 volo,
963 3493 1044 3547 quam
1062 3479 1190 3530 maiestas
1209 3477 1390 3547 imperatoris
1409 3489 1455 3542 po·

361 3545 455 3597 stolat.
490 3547 672 3600 Aseeleratis
689 3555 780 3600 antem
800 3548 856 3599 illis
883 3557 912 3600 et
929 3547 1093 3601 insidiarum
1112 3551 1347 3618 compositoribus
1377 3541 1456 3597 meri·

361 3620 403 3668 tos
417 3615 532 3687 periurii
547 3634 648 3686 poenas
663 3619 814 3687 expetam.”
852 3619 924 3670 llaec
941 3618 997 3672 luit
1011 3620 1184 3686 imperatoris
1203 3617 1239 3670 ad
1254 3633 1387 3688 proceres
1399 3628 1456 3667 ort·
1531 3643 1532 3660 ι

360 3687 402 3738 u'o
424 3704 473 3756 pro
491 3703 540 3750 eo,
558 3687 635 3758 qood
656 3690 745 3756 ipsum
765 3691 794 3742 in
815 3689 909 3742 odium
928 3689 1111 3757 imperatricis
1138 3699 1166 3742 et
1184 3691 1279 3760 generi
1306 3691 1456 3759 imperato·
1531 3709 1532 3728 ι

361 3755 399 3806 ris
418 3765 577 3828 erupturum
594 3769 774 3828 speraverant
810 3760 869 3829 Qui
887 3767 918 3811 ut
935 3775 964 3811 se
982 3775 1093 3830 operam
1107 3761 1233 3830 perdere,
1252 3769 1292 3825 et,
1307 3758 1455 3832 quodpro-

361 3826 455 3880 verbio
468 3829 564 3892 sertor,
583 3831 612 3882 in
623 3830 730 3882 coelum
751 3831 877 3893 iaculari,
895 3840 1075 3900 agnoverunt,
1095 3832 1171 3885 illios
1183 3832 1343 3885 mutatione
1358 3829 1456 3895 ‹lespe-

363 3904 432 3959 rata,
452 3899 488 3951 ad
508 3901 615 3954 irenem
638 3903 838 3971 imperatricem
857 3917 887 3953 se
905 3902 1093 3964 contulelont,
1112 3906 1172 3966 rati,
1192 3919 1250 3955 eam
1268 3918 1301 3954 se
1316 3909 1455 3970 expopos-

361 3974 438 4018 turos
456 3985 698 4040 persuasurosquc,
716 3979 748 4022 ut
764 3971 828 4036 sibi,
847 3979 986 4042 tamquam
1004 3971 1075 4026 bene
1096 3974 1253 4036 monitoris,
1270 3987 1355 4024 aures
1373 3971 1455 4022 daret

299 4070 302 4082 .
361 4035 489 4092 Ceterum
512 4040 560 4092 ubi
582 4041 629 4092 illa
649 4041 742 4094 eadem
765 4041 808 4096 rel
827 4045 910 4094 etiam
931 4043 1069 4095 severiora
1087 4043 1230 4112 respondit
1255 4050 1344 4113 atque
1371 4039 1455 4090 ⁸⁸⁰·

360 4109 448 4158 ruanis
478 4111 579 4162 iterum
606 4111 711 4180 magnis
729 4111 932 4166 calamitatibus
950 4113 1101 4166 obruendis
1121 4114 1255 4166 lacessere
1273 4113 1369 4173 iussit,
1387 4121 1454 4160 noo-

360 4175 433 4234 nulli
460 4179 573 4252 quidem
599 4181 859 4252 reprehensionibus
885 4184 946 4236 istis
965 4183 1122 4254 pudefacti,
1140 4185 1254 4240 omnino
1271 4182 1454 4255 quieverunt:
1531 4191 1532 4194 ¹
