<?xml version="1.0" encoding="UTF-8"?>
<!DOCTYPE html PUBLIC "-//W3C//DTD XHTML 1.0 Transitional//EN"
    "http://www.w3.org/TR/xhtml1/DTD/xhtml1-transitional.dtd">
<html xmlns="http://www.w3.org/1999/xhtml" xml:lang="en" lang="en">
 <head>
  <title>
</title>
<meta http-equiv="Content-Type" content="text/html;charset=utf-8" />
  <meta name='ocr-system' content='tesseract 3.04.00' />
  <meta name='ocr-capabilities' content='ocr_page ocr_carea ocr_par ocr_line ocrx_word'/>
</head>
<body>
  <div class='ocr_page' id='page_1' title='image "./ioanniscantacuz02niebgoog_0480.png"; bbox 0 0 2874 4944; ppageno 0'>
   <div class='ocr_carea' id='block_1_1' title="bbox 300 273 1110 390">
    <p class='ocr_par' dir='ltr' id='par_1_1' title="bbox 300 273 1110 390">
     <span class='ocr_line' id='line_1_1' title="bbox 300 273 1110 390; baseline 0 -20"><span class='ocrx_word' id='word_1_1' title='bbox 300 305 356 370; x_wconf 77' lang='lat' dir='ltr'><strong>nn</strong></span> <span class='ocrx_word' id='word_1_2' title='bbox 386 304 668 372; x_wconf 69' lang='lat' dir='ltr'><strong>transennam</strong></span> <span class='ocrx_word' id='word_1_3' title='bbox 691 309 765 371; x_wconf 81' lang='lat' dir='ltr'><strong>nra.</strong></span> <span class='ocrx_word' id='word_1_4' title='bbox 786 312 826 372; x_wconf 85' lang='lat' dir='ltr'><strong>n.</strong></span> <span class='ocrx_word' id='word_1_5' title='bbox 976 273 978 278; x_wconf 64' lang='grc'>’</span> <span class='ocrx_word' id='word_1_6' title='bbox 1024 286 1110 390; x_wconf 78' lang='grc'><strong>465</strong></span> 
     </span>
    </p>
   </div>
   <div class='ocr_carea' id='block_1_2' title="bbox 46 463 1110 800">
    <p class='ocr_par' dir='ltr' id='par_1_2' title="bbox 46 463 1110 800">
     <span class='ocr_line' id='line_1_2' title="bbox 52 463 1110 550; baseline 0.012 -29"><span class='ocrx_word' id='word_1_7' title='bbox 52 463 94 522; x_wconf 84' lang='lat' dir='ltr'><strong>lm</strong></span> <span class='ocrx_word' id='word_1_8' title='bbox 114 475 144 524; x_wconf 86' lang='lat' dir='ltr'><strong>et.</strong></span> <span class='ocrx_word' id='word_1_9' title='bbox 164 475 284 550; x_wconf 73' lang='lat' dir='ltr'><strong>quatum</strong></span> <span class='ocrx_word' id='word_1_10' title='bbox 309 463 487 528; x_wconf 73' lang='lat' dir='ltr'><strong>miliariis</strong></span> <span class='ocrx_word' id='word_1_11' title='bbox 513 464 679 526; x_wconf 75' lang='lat' dir='ltr'><strong>trie-emilia</strong></span> <span class='ocrx_word' id='word_1_12' title='bbox 706 485 727 524; x_wconf 92' lang='lat' dir='ltr'><strong>a</strong></span> <span class='ocrx_word' id='word_1_13' title='bbox 750 466 914 546; x_wconf 79' lang='lat' dir='ltr'><em>Cycladum</em></span> <span class='ocrx_word' id='word_1_14' title='bbox 943 468 1110 534; x_wconf 72' lang='lat' dir='ltr'><strong>insulanam</strong></span> 
     </span>
     <span class='ocr_line' id='line_1_3' title="bbox 46 547 1110 638; baseline 0.012 -33"><span class='ocrx_word' id='word_1_15' title='bbox 46 547 166 630; x_wconf 74' lang='lat' dir='ltr'><strong>principe</strong></span> <span class='ocrx_word' id='word_1_16' title='bbox 184 547 345 621; x_wconf 67' lang='lat' dir='ltr'><strong>committi,</strong></span> <span class='ocrx_word' id='word_1_17' title='bbox 373 562 498 633; x_wconf 83' lang='lat' dir='ltr'><strong>apertu</strong></span> <span class='ocrx_word' id='word_1_18' title='bbox 517 550 608 613; x_wconf 84' lang='lat' dir='ltr'><strong>soluit</strong></span> <span class='ocrx_word' id='word_1_19' title='bbox 628 557 684 609; x_wconf 87' lang='lat' dir='ltr'><strong>etc.</strong></span> <span class='ocrx_word' id='word_1_20' title='bbox 728 549 805 612; x_wconf 88' lang='lat' dir='ltr'><strong>Rem</strong></span> <span class='ocrx_word' id='word_1_21' title='bbox 826 562 942 630; x_wconf 86' lang='lat' dir='ltr'><strong>totam,</strong></span> <span class='ocrx_word' id='word_1_22' title='bbox 978 553 1017 614; x_wconf 88' lang='lat' dir='ltr'><strong>de</strong></span> <span class='ocrx_word' id='word_1_23' title='bbox 1048 577 1110 638; x_wconf 87' lang='lat' dir='ltr'><strong>qua</strong></span> 
     </span>
     <span class='ocr_line' id='line_1_4' title="bbox 48 629 1110 716; baseline 0.014 -31"><span class='ocrx_word' id='word_1_24' title='bbox 48 639 135 690; x_wconf 86' lang='lat' dir='ltr'><strong>noster</strong></span> <span class='ocrx_word' id='word_1_25' title='bbox 154 639 212 690; x_wconf 91' lang='lat' dir='ltr'><strong>tam</strong></span> <span class='ocrx_word' id='word_1_26' title='bbox 231 629 325 692; x_wconf 91' lang='lat' dir='ltr'><strong>multa</strong></span> <span class='ocrx_word' id='word_1_27' title='bbox 348 642 379 692; x_wconf 87' lang='lat' dir='ltr'><strong>et</strong></span> <span class='ocrx_word' id='word_1_28' title='bbox 400 633 551 715; x_wconf 76' lang='lat' dir='ltr'><strong>insignia,</strong></span> <span class='ocrx_word' id='word_1_29' title='bbox 591 631 730 716; x_wconf 75' lang='lat' dir='ltr'>deinceps</span> <span class='ocrx_word' id='word_1_30' title='bbox 760 634 898 696; x_wconf 87' lang='lat' dir='ltr'><strong>versibus</strong></span> <span class='ocrx_word' id='word_1_31' title='bbox 924 636 1044 699; x_wconf 81' lang='lat' dir='ltr'><strong>circiter</strong></span> <span class='ocrx_word' id='word_1_32' title='bbox 1062 642 1110 700; x_wconf 87' lang='lat' dir='ltr'><strong>vi·</strong></span> 
     </span>
     <span class='ocr_line' id='line_1_5' title="bbox 48 712 1109 800; baseline 0.015 -32"><span class='ocrx_word' id='word_1_33' title='bbox 48 712 111 788; x_wconf 79' lang='lat' dir='ltr'><strong>giuti</strong></span> <span class='ocrx_word' id='word_1_34' title='bbox 129 713 221 774; x_wconf 89' lang='lat' dir='ltr'><strong>tribus</strong></span> <span class='ocrx_word' id='word_1_35' title='bbox 250 713 390 776; x_wconf 81' lang='lat' dir='ltr'><strong>absolvit.</strong></span> <span class='ocrx_word' id='word_1_36' title='bbox 441 717 634 798; x_wconf 79' lang='lat' dir='ltr'><strong>Quamquam</strong></span> <span class='ocrx_word' id='word_1_37' title='bbox 664 727 694 776; x_wconf 89' lang='lat' dir='ltr'><strong>et</strong></span> <span class='ocrx_word' id='word_1_38' title='bbox 726 714 803 777; x_wconf 88' lang='lat' dir='ltr'><strong>illud</strong></span> <span class='ocrx_word' id='word_1_39' title='bbox 826 719 1015 780; x_wconf 85' lang='lat' dir='ltr'><strong>verissimum</strong></span> <span class='ocrx_word' id='word_1_40' title='bbox 1039 734 1109 800; x_wconf 83' lang='lat' dir='ltr'><strong>est,</strong></span> 
     </span>
    </p>
   </div>
   <div class='ocr_carea' id='block_1_3' title="bbox 45 791 1225 885">
    <p class='ocr_par' dir='ltr' id='par_1_3' title="bbox 45 791 1225 885">
     <span class='ocr_line' id='line_1_6' title="bbox 45 791 1225 885; baseline 0.015 -33"><span class='ocrx_word' id='word_1_41' title='bbox 45 813 193 872; x_wconf 88' lang='lat' dir='ltr'><strong>paucorum</strong></span> <span class='ocrx_word' id='word_1_42' title='bbox 215 791 377 858; x_wconf 83' lang='lat' dir='ltr'><strong>admodum</strong></span> <span class='ocrx_word' id='word_1_43' title='bbox 413 801 553 860; x_wconf 76' lang='lat' dir='ltr'><strong>notitiam</strong></span> <span class='ocrx_word' id='word_1_44' title='bbox 587 797 729 861; x_wconf 90' lang='lat' dir='ltr'><strong>babuisse</strong></span> <span class='ocrx_word' id='word_1_45' title='bbox 749 801 942 882; x_wconf 77' lang='lat' dir='ltr'><strong>Gregornm,</strong></span> <span class='ocrx_word' id='word_1_46' title='bbox 975 805 1056 885; x_wconf 83' lang='lat' dir='ltr'><strong>quod</strong></span> <span class='ocrx_word' id='word_1_47' title='bbox 1079 818 1110 868; x_wconf 87' lang='lat' dir='ltr'><strong>et</strong></span> <span class='ocrx_word' id='word_1_48' title='bbox 1221 867 1225 876; x_wconf 84' lang='lat'>‚</span> 
     </span>
    </p>
   </div>
   <div class='ocr_carea' id='block_1_4' title="bbox 18 879 1158 2632">
    <p class='ocr_par' dir='ltr' id='par_1_4' title="bbox 42 879 1110 1192">
     <span class='ocr_line' id='line_1_7' title="bbox 43 879 1108 968; baseline 0.013 -32"><span class='ocrx_word' id='word_1_49' title='bbox 43 888 132 938; x_wconf 74' lang='lat' dir='ltr'><strong>amter-</strong></span> <span class='ocrx_word' id='word_1_50' title='bbox 154 879 377 944; x_wconf 83' lang='lat' dir='ltr'><strong>Cantacueenus</strong></span> <span class='ocrx_word' id='word_1_51' title='bbox 408 883 495 944; x_wconf 89' lang='lat' dir='ltr'><strong>initio</strong></span> <span class='ocrx_word' id='word_1_52' title='bbox 515 882 659 945; x_wconf 77' lang='lat' dir='ltr'><strong>historiae</strong></span> <span class='ocrx_word' id='word_1_53' title='bbox 686 903 781 955; x_wconf 87' lang='lat' dir='ltr'><strong>snae,</strong></span> <span class='ocrx_word' id='word_1_54' title='bbox 812 905 997 968; x_wconf 86' lang='lat' dir='ltr'><strong>quamquam</strong></span> <span class='ocrx_word' id='word_1_55' title='bbox 1015 889 1108 950; x_wconf 87' lang='lat' dir='ltr'><strong>tacito</strong></span> 
     </span>
     <span class='ocr_line' id='line_1_8' title="bbox 44 959 1110 1052; baseline 0.016 -34"><span class='ocrx_word' id='word_1_56' title='bbox 44 959 98 1020; x_wconf 88' lang='lat' dir='ltr'><strong>eius</strong></span> <span class='ocrx_word' id='word_1_57' title='bbox 113 964 241 1042; x_wconf 87' lang='lat' dir='ltr'><strong>nomine,</strong></span> <span class='ocrx_word' id='word_1_58' title='bbox 262 963 433 1043; x_wconf 88' lang='lat' dir='ltr'><strong>affirmavit,</strong></span> <span class='ocrx_word' id='word_1_59' title='bbox 454 975 485 1027; x_wconf 89' lang='lat' dir='ltr'><strong>ct</strong></span> <span class='ocrx_word' id='word_1_60' title='bbox 504 987 559 1049; x_wconf 76' lang='lat' dir='ltr'><strong>ego</strong></span> <span class='ocrx_word' id='word_1_61' title='bbox 579 966 804 1028; x_wconf 70' lang='lat' dir='ltr'><strong>narrationibus</strong></span> <span class='ocrx_word' id='word_1_62' title='bbox 827 971 985 1052; x_wconf 82' lang='lat' dir='ltr'><strong>utriusque</strong></span> <span class='ocrx_word' id='word_1_63' title='bbox 1004 972 1110 1034; x_wconf 83' lang='lat' dir='ltr'><strong>conle-</strong></span> 
     </span>
     <span class='ocr_line' id='line_1_9' title="bbox 42 1043 704 1192; baseline 0.014 -88"><span class='ocrx_word' id='word_1_64' title='bbox 42 1043 130 1106; x_wconf 80' lang='lat' dir='ltr'><strong>mndis</strong></span> <span class='ocrx_word' id='word_1_65' title='bbox 150 1067 290 1192; x_wconf 71' lang='lat' dir='ltr'><strong>persaepe</strong></span> <span class='ocrx_word' id='word_1_66' title='bbox 310 1059 450 1152; x_wconf 84' lang='lat' dir='ltr'><strong>expertus</strong></span> <span class='ocrx_word' id='word_1_67' title='bbox 470 1071 550 1111; x_wconf 86' lang='lat' dir='ltr'><strong>sum.</strong></span> <span class='ocrx_word' id='word_1_68' title='bbox 573 1069 704 1114; x_wconf 75' lang='lat' dir='ltr'><strong>nornen.</strong></span> 
     </span>
    </p>

    <p class='ocr_par' dir='ltr' id='par_1_5' title="bbox 32 1128 685 1299">
     <span class='ocr_line' id='line_1_10' title="bbox 112 1128 586 1214; baseline 0.013 -24"><span class='ocrx_word' id='word_1_69' title='bbox 112 1128 189 1211; x_wconf 78' lang='lat' dir='ltr'><strong>Pag.</strong></span> <span class='ocrx_word' id='word_1_70' title='bbox 204 1131 241 1214; x_wconf 78' lang='lat'><strong>57</strong></span> <span class='ocrx_word' id='word_1_71' title='bbox 268 1131 322 1210; x_wconf 87' lang='grc'><strong>,3.</strong></span> <span class='ocrx_word' id='word_1_72' title='bbox 346 1131 519 1212; x_wconf 61' lang='lat' dir='ltr'><strong>sareptam</strong></span> <span class='ocrx_word' id='word_1_73' title='bbox 542 1135 586 1198; x_wconf 91' lang='grc' dir='ltr'><strong>Μ.</strong></span> 
     </span>
     <span class='ocr_line' id='line_1_11' title="bbox 32 1211 685 1299; baseline 0.008 -26"><span class='ocrx_word' id='word_1_74' title='bbox 32 1221 35 1230; x_wconf 81' lang='grc'><em>’</em></span> <span class='ocrx_word' id='word_1_75' title='bbox 79 1211 404 1297; x_wconf 54' lang='lat' dir='ltr'><strong>rnamenta</strong></span> <span class='ocrx_word' id='word_1_76' title='bbox 426 1213 467 1274; x_wconf 82' lang='lat' dir='ltr'><strong>ml</strong></span> <span class='ocrx_word' id='word_1_77' title='bbox 488 1217 532 1278; x_wconf 89' lang='lat' dir='ltr'><strong>M.</strong></span> <span class='ocrx_word' id='word_1_78' title='bbox 551 1235 685 1299; x_wconf 83' lang='lat' dir='ltr'><strong>quoqne.</strong></span> 
     </span>
    </p>

    <p class='ocr_par' dir='ltr' id='par_1_6' title="bbox 28 1293 1158 2047">
     <span class='ocr_line' id='line_1_12' title="bbox 109 1293 540 1376; baseline 0.009 -20"><span class='ocrx_word' id='word_1_79' title='bbox 109 1293 270 1376; x_wconf 61' lang='lat' dir='ltr'><strong>raama,</strong></span> <span class='ocrx_word' id='word_1_80' title='bbox 286 1317 331 1361; x_wconf 81' lang='lat' dir='ltr'><strong>rr:</strong></span> <span class='ocrx_word' id='word_1_81' title='bbox 353 1295 390 1359; x_wconf 79' lang='lat' dir='ltr'><strong>tt</strong></span> <span class='ocrx_word' id='word_1_82' title='bbox 410 1318 473 1360; x_wconf 90' lang='lat' dir='ltr'><strong>om.</strong></span> <span class='ocrx_word' id='word_1_83' title='bbox 496 1299 540 1360; x_wconf 99' lang='lat' dir='ltr'><strong>M.</strong></span> 
     </span>
     <span class='ocr_line' id='line_1_13' title="bbox 109 1375 737 1461; baseline 0.01 -23"><span class='ocrx_word' id='word_1_84' title='bbox 109 1375 220 1460; x_wconf 66' lang='lat' dir='ltr'><strong>Pagai</strong></span> <span class='ocrx_word' id='word_1_85' title='bbox 243 1401 277 1461; x_wconf 86' lang='lat'><strong>9,</strong></span> <span class='ocrx_word' id='word_1_86' title='bbox 292 1402 336 1448; x_wconf 88' lang='grc' dir='ltr'><strong>ια.</strong></span> <span class='ocrx_word' id='word_1_87' title='bbox 358 1379 413 1442; x_wconf 81' lang='grc' dir='ltr'><strong><em>καί</em></strong></span> <span class='ocrx_word' id='word_1_88' title='bbox 430 1384 499 1452; x_wconf 83' lang='grc' dir='ltr'><strong><em>ταῖς</em></strong></span> <span class='ocrx_word' id='word_1_89' title='bbox 518 1385 628 1458; x_wconf 79' lang='grc' dir='ltr'><em>τιμαῖς</em></span> <span class='ocrx_word' id='word_1_90' title='bbox 646 1382 694 1444; x_wconf 82' lang='grc' dir='ltr'><strong>Μ.</strong></span> <span class='ocrx_word' id='word_1_91' title='bbox 733 1438 737 1450; x_wconf 85' lang='grc'><strong>,</strong></span> 
     </span>
     <span class='ocr_line' id='line_1_14' title="bbox 106 1403 1158 1549; baseline 0.003 -25"><span class='ocrx_word' id='word_1_92' title='bbox 106 1403 271 1542; x_wconf 68' lang='grc' dir='ltr'><strong>Ρας.58ο,</strong></span> <span class='ocrx_word' id='word_1_93' title='bbox 288 1462 335 1543; x_wconf 72' lang='lat' dir='ltr'><strong>tl.</strong></span> <span class='ocrx_word' id='word_1_94' title='bbox 358 1463 476 1529; x_wconf 79' lang='lat' dir='ltr'><strong>Delii</strong></span> <span class='ocrx_word' id='word_1_95' title='bbox 499 1464 819 1549; x_wconf 83' lang='lat' dir='ltr'><strong>Hospitalenses.</strong></span> <span class='ocrx_word' id='word_1_96' title='bbox 860 1463 1110 1528; x_wconf 82' lang='lat' dir='ltr'><strong>Delustnmlio-</strong></span> <span class='ocrx_word' id='word_1_97' title='bbox 1153 1503 1158 1520; x_wconf 70' lang='grc' dir='ltr'><strong><em>ι</em></strong></span> 
     </span>
     <span class='ocr_line' id='line_1_15' title="bbox 34 1540 1111 1629; baseline 0.006 -28"><span class='ocrx_word' id='word_1_98' title='bbox 34 1540 228 1620; x_wconf 84' lang='lat' dir='ltr'><strong>spitalensium</strong></span> <span class='ocrx_word' id='word_1_99' title='bbox 249 1558 335 1626; x_wconf 85' lang='lat' dir='ltr'><strong>erat,</strong></span> <span class='ocrx_word' id='word_1_100' title='bbox 357 1547 509 1629; x_wconf 88' lang='lat' dir='ltr'><strong>quomodo</strong></span> <span class='ocrx_word' id='word_1_101' title='bbox 544 1559 575 1610; x_wconf 89' lang='lat' dir='ltr'><strong>et</strong></span> <span class='ocrx_word' id='word_1_102' title='bbox 596 1550 729 1610; x_wconf 87' lang='lat' dir='ltr'><strong>Graecus</strong></span> <span class='ocrx_word' id='word_1_103' title='bbox 754 1548 846 1610; x_wconf 84' lang='lat' dir='ltr'><strong>codex</strong></span> <span class='ocrx_word' id='word_1_104' title='bbox 876 1547 942 1612; x_wconf 88' lang='lat' dir='ltr'><strong>illos</strong></span> <span class='ocrx_word' id='word_1_105' title='bbox 962 1550 1111 1610; x_wconf 86' lang='lat' dir='ltr'><strong>nominat.</strong></span> 
     </span>
     <span class='ocr_line' id='line_1_16' title="bbox 33 1625 1111 1715; baseline 0.008 -32"><span class='ocrx_word' id='word_1_106' title='bbox 33 1625 127 1687; x_wconf 81' lang='lat' dir='ltr'><strong>Genus</strong></span> <span class='ocrx_word' id='word_1_107' title='bbox 146 1628 356 1712; x_wconf 80' lang='lat' dir='ltr'><strong>religiosorum</strong></span> <span class='ocrx_word' id='word_1_108' title='bbox 377 1630 435 1692; x_wconf 87' lang='lat' dir='ltr'><strong>sub</strong></span> <span class='ocrx_word' id='word_1_109' title='bbox 454 1631 588 1714; x_wconf 78' lang='lat' dir='ltr'><strong>Hyginio</strong></span> <span class='ocrx_word' id='word_1_110' title='bbox 613 1631 756 1715; x_wconf 88' lang='lat' dir='ltr'><strong>pontifice</strong></span> <span class='ocrx_word' id='word_1_111' title='bbox 777 1643 893 1694; x_wconf 87' lang='lat' dir='ltr'><strong>natum.</strong></span> <span class='ocrx_word' id='word_1_112' title='bbox 936 1632 1111 1713; x_wconf 80' lang='lat' dir='ltr'><strong>lidem,qui</strong></span> 
     </span>
     <span class='ocr_line' id='line_1_17' title="bbox 30 1704 1111 1798; baseline 0.006 -31"><span class='ocrx_word' id='word_1_113' title='bbox 30 1704 131 1770; x_wconf 87' lang='lat' dir='ltr'><strong>Rhodii</strong></span> <span class='ocrx_word' id='word_1_114' title='bbox 151 1733 204 1772; x_wconf 87' lang='lat' dir='ltr'><strong>sau</strong></span> <span class='ocrx_word' id='word_1_115' title='bbox 225 1713 415 1778; x_wconf 81' lang='lat' dir='ltr'><strong>Rhodienses</strong></span> <span class='ocrx_word' id='word_1_116' title='bbox 434 1724 466 1776; x_wconf 85' lang='lat' dir='ltr'><strong>et</strong></span> <span class='ocrx_word' id='word_1_117' title='bbox 488 1713 660 1778; x_wconf 79' lang='lat' dir='ltr'><strong>Melitenses</strong></span> <span class='ocrx_word' id='word_1_118' title='bbox 681 1713 784 1785; x_wconf 88' lang='lat' dir='ltr'><strong>hodie,</strong></span> <span class='ocrx_word' id='word_1_119' title='bbox 815 1735 947 1798; x_wconf 85' lang='lat' dir='ltr'><strong>quornm</strong></span> <span class='ocrx_word' id='word_1_120' title='bbox 967 1714 1111 1775; x_wconf 80' lang='lat' dir='ltr'><strong>historiae</strong></span> 
     </span>
     <span class='ocr_line' id='line_1_18' title="bbox 30 1787 1111 1880; baseline 0.008 -32"><span class='ocrx_word' id='word_1_121' title='bbox 30 1787 136 1854; x_wconf 81' lang='lat' dir='ltr'><strong>Latinis</strong></span> <span class='ocrx_word' id='word_1_122' title='bbox 153 1807 184 1857; x_wconf 88' lang='lat' dir='ltr'><strong>et</strong></span> <span class='ocrx_word' id='word_1_123' title='bbox 205 1797 318 1859; x_wconf 84' lang='lat' dir='ltr'><strong>Italicis</strong></span> <span class='ocrx_word' id='word_1_124' title='bbox 337 1798 445 1860; x_wconf 87' lang='lat' dir='ltr'><strong>litteris</strong></span> <span class='ocrx_word' id='word_1_125' title='bbox 464 1809 594 1860; x_wconf 74' lang='lat' dir='ltr'><strong>astant.</strong></span> <span class='ocrx_word' id='word_1_126' title='bbox 635 1800 683 1859; x_wconf 85' lang='lat' dir='ltr'><strong>De</strong></span> <span class='ocrx_word' id='word_1_127' title='bbox 713 1798 829 1880; x_wconf 81' lang='lat' dir='ltr'><strong>origine</strong></span> <span class='ocrx_word' id='word_1_128' title='bbox 851 1795 1111 1879; x_wconf 86' lang='lat' dir='ltr'><strong>Hospitalensium</strong></span> 
     </span>
     <span class='ocr_line' id='line_1_19' title="bbox 30 1871 1112 1964; baseline 0.006 -30"><span class='ocrx_word' id='word_1_129' title='bbox 30 1871 251 1960; x_wconf 83' lang='lat' dir='ltr'><strong>Hierosolymae</strong></span> <span class='ocrx_word' id='word_1_130' title='bbox 283 1884 401 1964; x_wconf 83' lang='lat' dir='ltr'><strong>scripsit</strong></span> <span class='ocrx_word' id='word_1_131' title='bbox 431 1883 463 1940; x_wconf 92' lang='lat' dir='ltr'><strong>in</strong></span> <span class='ocrx_word' id='word_1_132' title='bbox 485 1880 611 1944; x_wconf 85' lang='lat' dir='ltr'><strong>historia</strong></span> <span class='ocrx_word' id='word_1_133' title='bbox 638 1902 694 1942; x_wconf 88' lang='lat' dir='ltr'><strong>sua</strong></span> <span class='ocrx_word' id='word_1_134' title='bbox 713 1879 864 1942; x_wconf 87' lang='lat' dir='ltr'><strong>Orientali</strong></span> <span class='ocrx_word' id='word_1_135' title='bbox 892 1902 957 1962; x_wconf 88' lang='lat' dir='ltr'><strong>cap.</strong></span> <span class='ocrx_word' id='word_1_136' title='bbox 977 1879 1031 1959; x_wconf 76' lang='lat'><strong>64.</strong></span> <span class='ocrx_word' id='word_1_137' title='bbox 1061 1881 1112 1940; x_wconf 86' lang='lat' dir='ltr'><strong>la·</strong></span> 
     </span>
     <span class='ocr_line' id='line_1_20' title="bbox 28 1957 1110 2047; baseline 0.009 -32"><span class='ocrx_word' id='word_1_138' title='bbox 28 1957 112 2020; x_wconf 88' lang='lat' dir='ltr'><strong>robus</strong></span> <span class='ocrx_word' id='word_1_139' title='bbox 132 1961 330 2036; x_wconf 86' lang='lat' dir='ltr'><strong>tleVitriaco,</strong></span> <span class='ocrx_word' id='word_1_140' title='bbox 342 1967 499 2047; x_wconf 86' lang='lat' dir='ltr'><strong>episcopus</strong></span> <span class='ocrx_word' id='word_1_141' title='bbox 520 1963 710 2026; x_wconf 86' lang='lat' dir='ltr'><strong>Tusculanus</strong></span> <span class='ocrx_word' id='word_1_142' title='bbox 731 1975 762 2026; x_wconf 86' lang='lat' dir='ltr'><strong>et</strong></span> <span class='ocrx_word' id='word_1_143' title='bbox 782 1962 954 2026; x_wconf 81' lang='lat' dir='ltr'><strong>cardinalis.</strong></span> <span class='ocrx_word' id='word_1_144' title='bbox 974 1983 1110 2030; x_wconf 71' lang='lat' dir='ltr'><strong>rotrar-</strong></span> 
     </span>
    </p>

    <p class='ocr_par' dir='ltr' id='par_1_7' title="bbox 99 2046 738 2130">
     <span class='ocr_line' id='line_1_21' title="bbox 99 2046 738 2130; baseline 0.006 -24"><span class='ocrx_word' id='word_1_145' title='bbox 99 2046 180 2128; x_wconf 75' lang='lat' dir='ltr'><strong>Pag.</strong></span> <span class='ocrx_word' id='word_1_146' title='bbox 198 2047 276 2126; x_wconf 81' lang='lat'><strong>380,</strong></span> <span class='ocrx_word' id='word_1_147' title='bbox 296 2047 342 2110; x_wconf 86' lang='lat'><strong>16.</strong></span> <span class='ocrx_word' id='word_1_148' title='bbox 364 2047 586 2120; x_wconf 75' lang='grc' dir='ltr'><strong><em>κατατιθέντας</em></strong></span> <span class='ocrx_word' id='word_1_149' title='bbox 610 2050 654 2114; x_wconf 88' lang='grc' dir='ltr'><strong>Μ.</strong></span> <span class='ocrx_word' id='word_1_150' title='bbox 675 2067 738 2130; x_wconf 74' lang='lat' dir='ltr'><strong>mg.</strong></span> 
     </span>
    </p>

    <p class='ocr_par' dir='ltr' id='par_1_8' title="bbox 98 2128 716 2214">
     <span class='ocr_line' id='line_1_22' title="bbox 98 2128 716 2214; baseline 0.006 -26"><span class='ocrx_word' id='word_1_151' title='bbox 98 2131 183 2210; x_wconf 78' lang='lat' dir='ltr'><strong>Pag.</strong></span> <span class='ocrx_word' id='word_1_152' title='bbox 197 2128 271 2207; x_wconf 79' lang='lat'><strong>380,</strong></span> <span class='ocrx_word' id='word_1_153' title='bbox 289 2151 334 2213; x_wconf 79' lang='lat'><strong>¹7·</strong></span> <span class='ocrx_word' id='word_1_154' title='bbox 355 2128 410 2192; x_wconf 82' lang='lat' dir='ltr'><strong>s&#39;ni</strong></span> <span class='ocrx_word' id='word_1_155' title='bbox 430 2131 475 2190; x_wconf 89' lang='lat' dir='ltr'><strong>M.</strong></span> <span class='ocrx_word' id='word_1_156' title='bbox 498 2151 554 2211; x_wconf 91' lang='lat' dir='ltr'><strong>pro</strong></span> <span class='ocrx_word' id='word_1_157' title='bbox 570 2129 655 2214; x_wconf 75' lang='lat' dir='ltr'><strong>aspi.</strong></span> <span class='ocrx_word' id='word_1_158' title='bbox 713 2151 716 2165; x_wconf 69' lang='lat'><strong>¹</strong></span> 
     </span>
    </p>

    <p class='ocr_par' dir='ltr' id='par_1_9' title="bbox 97 2208 636 2296">
     <span class='ocr_line' id='line_1_23' title="bbox 97 2208 636 2296; baseline 0.009 -24"><span class='ocrx_word' id='word_1_159' title='bbox 97 2209 176 2294; x_wconf 70' lang='lat' dir='ltr'><strong>Pag.</strong></span> <span class='ocrx_word' id='word_1_160' title='bbox 191 2211 269 2292; x_wconf 71' lang='lat'><strong>38¹,</strong></span> <span class='ocrx_word' id='word_1_161' title='bbox 285 2235 314 2296; x_wconf 87' lang='lat'><strong>7.</strong></span> <span class='ocrx_word' id='word_1_162' title='bbox 337 2208 485 2292; x_wconf 75' lang='grc' dir='ltr'><strong><em>βούλοιτο</em></strong></span> <span class='ocrx_word' id='word_1_163' title='bbox 510 2233 571 2274; x_wconf 91' lang='lat' dir='ltr'><strong>orn.</strong></span> <span class='ocrx_word' id='word_1_164' title='bbox 592 2216 636 2278; x_wconf 91' lang='lat' dir='ltr'><strong>M.</strong></span> 
     </span>
    </p>

    <p class='ocr_par' dir='ltr' id='par_1_10' title="bbox 96 2290 666 2377">
     <span class='ocr_line' id='line_1_24' title="bbox 96 2290 666 2377; baseline 0.011 -21"><span class='ocrx_word' id='word_1_165' title='bbox 96 2293 180 2377; x_wconf 76' lang='lat' dir='ltr'><strong>Pag.</strong></span> <span class='ocrx_word' id='word_1_166' title='bbox 198 2295 275 2370; x_wconf 77' lang='lat'><strong>381,</strong></span> <span class='ocrx_word' id='word_1_167' title='bbox 293 2317 337 2358; x_wconf 90' lang='grc' dir='ltr'><strong>ιο.</strong></span> <span class='ocrx_word' id='word_1_168' title='bbox 360 2290 416 2356; x_wconf 78' lang='grc' dir='ltr'><strong>τὸν</strong></span> <span class='ocrx_word' id='word_1_169' title='bbox 434 2295 598 2358; x_wconf 68' lang='lat' dir='ltr'><strong>Martisue</strong></span> <span class='ocrx_word' id='word_1_170' title='bbox 621 2296 666 2362; x_wconf 92' lang='grc' dir='ltr'><strong>Μ.</strong></span> 
     </span>
    </p>

    <p class='ocr_par' dir='ltr' id='par_1_11' title="bbox 18 2367 1112 2552">
     <span class='ocr_line' id='line_1_25' title="bbox 96 2367 1112 2464; baseline 0.004 -26"><span class='ocrx_word' id='word_1_171' title='bbox 96 2375 308 2460; x_wconf 52' lang='lat' dir='ltr'><strong>Paratae.</strong></span> <span class='ocrx_word' id='word_1_172' title='bbox 330 2367 444 2450; x_wconf 66' lang='lat' dir='ltr'><strong>ittae·</strong></span> <span class='ocrx_word' id='word_1_173' title='bbox 466 2372 642 2461; x_wconf 77' lang='grc' dir='ltr'><strong><em>κρατήσασι</em></strong></span> <span class='ocrx_word' id='word_1_174' title='bbox 659 2376 724 2443; x_wconf 73' lang='grc' dir='ltr'><strong>τῶν</strong></span> <span class='ocrx_word' id='word_1_175' title='bbox 747 2377 877 2443; x_wconf 59' lang='lat' dir='ltr'><strong>&amp;morbae</strong></span> <span class='ocrx_word' id='word_1_176' title='bbox 900 2380 944 2448; x_wconf 89' lang='lat' dir='ltr'><strong>M.</strong></span> <span class='ocrx_word' id='word_1_177' title='bbox 966 2401 1029 2464; x_wconf 77' lang='lat' dir='ltr'><strong>mg.</strong></span> <span class='ocrx_word' id='word_1_178' title='bbox 1055 2401 1112 2464; x_wconf 90' lang='lat' dir='ltr'><strong>pro</strong></span> 
     </span>
     <span class='ocr_line' id='line_1_26' title="bbox 18 2453 582 2552; baseline 0.011 -36"><span class='ocrx_word' id='word_1_179' title='bbox 18 2453 76 2519; x_wconf 78' lang='grc' dir='ltr'><strong>ιῶκ</strong></span> <span class='ocrx_word' id='word_1_180' title='bbox 95 2457 299 2524; x_wconf 74' lang='grc' dir='ltr'><em>ἀδικούντων</em></span> <span class='ocrx_word' id='word_1_181' title='bbox 319 2457 506 2543; x_wconf 74' lang='grc' dir='ltr'><strong><em>κρατήσασι.</em></strong></span> <span class='ocrx_word' id='word_1_182' title='bbox 574 2503 582 2552; x_wconf 69' lang='grc'><strong>,</strong></span> 
     </span>
    </p>

    <p class='ocr_par' dir='ltr' id='par_1_12' title="bbox 93 2543 1111 2632">
     <span class='ocr_line' id='line_1_27' title="bbox 93 2543 1111 2632; baseline 0.002 -28"><span class='ocrx_word' id='word_1_183' title='bbox 93 2543 337 2626; x_wconf 76' lang='lat' dir='ltr'><strong>Pag.583,23.</strong></span> <span class='ocrx_word' id='word_1_184' title='bbox 362 2546 648 2632; x_wconf 80' lang='lat' dir='ltr'><strong>Galatamque.</strong></span> <span class='ocrx_word' id='word_1_185' title='bbox 692 2545 801 2608; x_wconf 85' lang='lat' dir='ltr'><strong>Galata</strong></span> <span class='ocrx_word' id='word_1_186' title='bbox 824 2547 932 2626; x_wconf 81' lang='lat' dir='ltr'><strong>(cuius</strong></span> <span class='ocrx_word' id='word_1_187' title='bbox 953 2567 1009 2627; x_wconf 89' lang='lat' dir='ltr'><strong>per</strong></span> <span class='ocrx_word' id='word_1_188' title='bbox 1030 2545 1111 2606; x_wconf 83' lang='lat' dir='ltr'><strong>hanc</strong></span> 
     </span>
    </p>
   </div>
   <div class='ocr_carea' id='block_1_5' title="bbox 16 2619 1229 2714">
    <p class='ocr_par' dir='ltr' id='par_1_13' title="bbox 16 2619 1229 2714">
     <span class='ocr_line' id='line_1_28' title="bbox 16 2619 1229 2714; baseline 0.005 -32"><span class='ocrx_word' id='word_1_189' title='bbox 16 2619 171 2690; x_wconf 83' lang='lat' dir='ltr'><strong>historiam</strong></span> <span class='ocrx_word' id='word_1_190' title='bbox 193 2631 313 2690; x_wconf 88' lang='lat' dir='ltr'><strong>mentio</strong></span> <span class='ocrx_word' id='word_1_191' title='bbox 334 2629 391 2688; x_wconf 89' lang='lat' dir='ltr'><strong>erit</strong></span> <span class='ocrx_word' id='word_1_192' title='bbox 414 2627 544 2710; x_wconf 88' lang='lat' dir='ltr'><strong>plurima</strong></span> <span class='ocrx_word' id='word_1_193' title='bbox 565 2642 596 2692; x_wconf 88' lang='lat' dir='ltr'><strong>et</strong></span> <span class='ocrx_word' id='word_1_194' title='bbox 618 2651 666 2691; x_wconf 86' lang='lat' dir='ltr'><strong>res</strong></span> <span class='ocrx_word' id='word_1_195' title='bbox 689 2631 754 2690; x_wconf 89' lang='lat' dir='ltr'><strong>eius</strong></span> <span class='ocrx_word' id='word_1_196' title='bbox 778 2641 879 2714; x_wconf 75' lang='lat' dir='ltr'><strong>gestae</strong></span> <span class='ocrx_word' id='word_1_197' title='bbox 899 2628 1111 2690; x_wconf 86' lang='lat' dir='ltr'><strong>memorabiles</strong></span> <span class='ocrx_word' id='word_1_198' title='bbox 1218 2655 1229 2664; x_wconf 87' lang='lat'><strong>·</strong></span> 
     </span>
    </p>
   </div>
   <div class='ocr_carea' id='block_1_6' title="bbox 4 2707 1113 4296">
    <p class='ocr_par' dir='ltr' id='par_1_14' title="bbox 4 2707 1113 4296">
     <span class='ocr_line' id='line_1_29' title="bbox 18 2707 1110 2795; baseline 0.002 -28"><span class='ocrx_word' id='word_1_199' title='bbox 18 2707 203 2791; x_wconf 81' lang='lat' dir='ltr'><strong>afferentur)</strong></span> <span class='ocrx_word' id='word_1_200' title='bbox 226 2712 303 2773; x_wconf 89' lang='lat' dir='ltr'><strong>urbs</strong></span> <span class='ocrx_word' id='word_1_201' title='bbox 325 2732 343 2774; x_wconf 87' lang='lat' dir='ltr'><strong>e</strong></span> <span class='ocrx_word' id='word_1_202' title='bbox 363 2715 486 2792; x_wconf 79' lang='lat' dir='ltr'><strong>regione</strong></span> <span class='ocrx_word' id='word_1_203' title='bbox 507 2709 785 2795; x_wconf 83' lang='lat' dir='ltr'><strong>Constantinopolis</strong></span> <span class='ocrx_word' id='word_1_204' title='bbox 805 2715 877 2790; x_wconf 66' lang='lat' dir='ltr'><strong>ata,</strong></span> <span class='ocrx_word' id='word_1_205' title='bbox 893 2722 977 2772; x_wconf 89' lang='lat' dir='ltr'><strong>trans</strong></span> <span class='ocrx_word' id='word_1_206' title='bbox 996 2713 1110 2788; x_wconf 89' lang='lat' dir='ltr'><strong>sinum,</strong></span> 
     </span>
     <span class='ocr_line' id='line_1_30' title="bbox 14 2797 1111 2870; baseline 0 -17"><span class='ocrx_word' id='word_1_207' title='bbox 14 2811 100 2870; x_wconf 89' lang='lat' dir='ltr'><strong>quem</strong></span> <span class='ocrx_word' id='word_1_208' title='bbox 123 2817 215 2858; x_wconf 89' lang='lat' dir='ltr'><strong>ceras</strong></span> <span class='ocrx_word' id='word_1_209' title='bbox 238 2797 303 2858; x_wconf 87' lang='lat' dir='ltr'><strong>sive</strong></span> <span class='ocrx_word' id='word_1_210' title='bbox 328 2815 422 2856; x_wconf 90' lang='lat' dir='ltr'><strong>cornu</strong></span> <span class='ocrx_word' id='word_1_211' title='bbox 453 2806 483 2856; x_wconf 87' lang='lat' dir='ltr'><strong>et</strong></span> <span class='ocrx_word' id='word_1_212' title='bbox 510 2799 678 2857; x_wconf 90' lang='lat' dir='ltr'><strong>ceratinum</strong></span> <span class='ocrx_word' id='word_1_213' title='bbox 703 2799 768 2856; x_wconf 84' lang='lat' dir='ltr'><strong>sive</strong></span> <span class='ocrx_word' id='word_1_214' title='bbox 798 2804 977 2856; x_wconf 81' lang='lat' dir='ltr'><strong>cornutum.</strong></span> <span class='ocrx_word' id='word_1_215' title='bbox 994 2805 1111 2854; x_wconf 84' lang='lat' dir='ltr'><strong>veteres</strong></span> 
     </span>
     <span class='ocr_line' id='line_1_31' title="bbox 14 2877 1111 2960; baseline 0.005 -28"><span class='ocrx_word' id='word_1_216' title='bbox 14 2877 101 2938; x_wconf 88' lang='lat' dir='ltr'><strong>etiam</strong></span> <span class='ocrx_word' id='word_1_217' title='bbox 130 2889 315 2942; x_wconf 81' lang='lat' dir='ltr'><strong>vocaruntr</strong></span> <span class='ocrx_word' id='word_1_218' title='bbox 356 2877 439 2960; x_wconf 82' lang='lat' dir='ltr'><strong>quod</strong></span> <span class='ocrx_word' id='word_1_219' title='bbox 468 2880 563 2940; x_wconf 86' lang='lat' dir='ltr'><strong>instar</strong></span> <span class='ocrx_word' id='word_1_220' title='bbox 595 2899 691 2942; x_wconf 87' lang='lat' dir='ltr'><strong>cornu</strong></span> <span class='ocrx_word' id='word_1_221' title='bbox 720 2879 834 2943; x_wconf 83' lang='lat' dir='ltr'><strong>cervini</strong></span> <span class='ocrx_word' id='word_1_222' title='bbox 862 2877 988 2958; x_wconf 85' lang='lat' dir='ltr'><strong>sparsim</strong></span> <span class='ocrx_word' id='word_1_223' title='bbox 1018 2879 1111 2938; x_wconf 81' lang='lat' dir='ltr'><strong>ramis</strong></span> 
     </span>
     <span class='ocr_line' id='line_1_32' title="bbox 11 2958 1113 3046; baseline 0 -26"><span class='ocrx_word' id='word_1_224' title='bbox 11 2962 307 3046; x_wconf 85' lang='lat' dir='ltr'><strong>quasiquibusdam</strong></span> <span class='ocrx_word' id='word_1_225' title='bbox 326 2958 412 3024; x_wconf 87' lang='lat' dir='ltr'><strong>littus</strong></span> <span class='ocrx_word' id='word_1_226' title='bbox 433 2971 599 3045; x_wconf 87' lang='lat' dir='ltr'><strong>utrumqne</strong></span> <span class='ocrx_word' id='word_1_227' title='bbox 618 2961 827 3045; x_wconf 88' lang='lat' dir='ltr'><strong>amplectatur.</strong></span> <span class='ocrx_word' id='word_1_228' title='bbox 867 2959 984 3022; x_wconf 86' lang='lat' dir='ltr'><strong>Eadem</strong></span> <span class='ocrx_word' id='word_1_229' title='bbox 997 2961 1113 3021; x_wconf 86' lang='lat' dir='ltr'><strong>etPera</strong></span> 
     </span>
     <span class='ocr_line' id='line_1_33' title="bbox 10 3041 1113 3128; baseline 0.001 -28"><span class='ocrx_word' id='word_1_230' title='bbox 10 3041 121 3107; x_wconf 88' lang='lat' dir='ltr'><strong>dicitur</strong></span> <span class='ocrx_word' id='word_1_231' title='bbox 146 3059 180 3109; x_wconf 86' lang='lat' dir='ltr'><strong>et</strong></span> <span class='ocrx_word' id='word_1_232' title='bbox 202 3047 322 3108; x_wconf 86' lang='lat' dir='ltr'><strong>Peraea</strong></span> <span class='ocrx_word' id='word_1_233' title='bbox 344 3046 469 3108; x_wconf 84' lang='lat' dir='ltr'><strong>Nicetae</strong></span> <span class='ocrx_word' id='word_1_234' title='bbox 489 3045 659 3124; x_wconf 86' lang='lat' dir='ltr'><strong>historico,</strong></span> <span class='ocrx_word' id='word_1_235' title='bbox 680 3045 762 3128; x_wconf 90' lang='lat' dir='ltr'><strong>quod</strong></span> <span class='ocrx_word' id='word_1_236' title='bbox 783 3044 866 3105; x_wconf 85' lang='lat' dir='ltr'><strong>nltm</strong></span> <span class='ocrx_word' id='word_1_237' title='bbox 885 3046 987 3105; x_wconf 87' lang='lat' dir='ltr'><strong>sinum</strong></span> <span class='ocrx_word' id='word_1_238' title='bbox 1015 3044 1113 3124; x_wconf 88' lang='lat' dir='ltr'><strong>posita</strong></span> 
     </span>
     <span class='ocr_line' id='line_1_34' title="bbox 8 3126 1113 3212; baseline -0.001 -28"><span class='ocrx_word' id='word_1_239' title='bbox 8 3126 54 3191; x_wconf 87' lang='lat' dir='ltr'><strong>sit.</strong></span> <span class='ocrx_word' id='word_1_240' title='bbox 99 3131 237 3193; x_wconf 83' lang='lat' dir='ltr'><strong>Veteres</strong></span> <span class='ocrx_word' id='word_1_241' title='bbox 259 3129 299 3191; x_wconf 86' lang='lat' dir='ltr'><strong>ab</strong></span> <span class='ocrx_word' id='word_1_242' title='bbox 322 3129 467 3192; x_wconf 89' lang='lat' dir='ltr'><strong>arborum</strong></span> <span class='ocrx_word' id='word_1_243' title='bbox 499 3129 572 3191; x_wconf 86' lang='lat' dir='ltr'><strong>ficos</strong></span> <span class='ocrx_word' id='word_1_244' title='bbox 602 3129 765 3192; x_wconf 79' lang='lat' dir='ltr'><strong>ferentium</strong></span> <span class='ocrx_word' id='word_1_245' title='bbox 786 3130 873 3212; x_wconf 88' lang='lat' dir='ltr'><strong>copia</strong></span> <span class='ocrx_word' id='word_1_246' title='bbox 895 3127 990 3210; x_wconf 85' lang='lat' dir='ltr'><strong>Sycas</strong></span> <span class='ocrx_word' id='word_1_247' title='bbox 1010 3126 1113 3186; x_wconf 93' lang='lat' dir='ltr'><strong>nomi-</strong></span> 
     </span>
     <span class='ocr_line' id='line_1_35' title="bbox 6 3208 1113 3298; baseline -0.004 -27"><span class='ocrx_word' id='word_1_248' title='bbox 6 3209 136 3288; x_wconf 88' lang='lat' dir='ltr'><strong>nabant,</strong></span> <span class='ocrx_word' id='word_1_249' title='bbox 161 3234 250 3298; x_wconf 88' lang='lat' dir='ltr'><strong>quae</strong></span> <span class='ocrx_word' id='word_1_250' title='bbox 270 3234 328 3276; x_wconf 82' lang='lat' dir='ltr'><strong>vox</strong></span> <span class='ocrx_word' id='word_1_251' title='bbox 343 3214 425 3295; x_wconf 89' lang='lat' dir='ltr'><strong>apud</strong></span> <span class='ocrx_word' id='word_1_252' title='bbox 437 3213 593 3275; x_wconf 91' lang='lat' dir='ltr'><strong>Zosimum</strong></span> <span class='ocrx_word' id='word_1_253' title='bbox 612 3233 734 3296; x_wconf 87' lang='lat' dir='ltr'><strong>quoque</strong></span> <span class='ocrx_word' id='word_1_254' title='bbox 754 3211 876 3296; x_wconf 78' lang='lat' dir='ltr'><strong>legitur.</strong></span> <span class='ocrx_word' id='word_1_255' title='bbox 918 3208 1046 3270; x_wconf 87' lang='lat' dir='ltr'><strong>Colonia</strong></span> <span class='ocrx_word' id='word_1_256' title='bbox 1068 3217 1113 3268; x_wconf 88' lang='lat' dir='ltr'><strong>est</strong></span> 
     </span>
     <span class='ocr_line' id='line_1_36' title="bbox 7 3290 1112 3380; baseline -0.001 -28"><span class='ocrx_word' id='word_1_257' title='bbox 7 3291 241 3374; x_wconf 88' lang='lat' dir='ltr'><strong>Genuensium,</strong></span> <span class='ocrx_word' id='word_1_258' title='bbox 263 3298 355 3358; x_wconf 85' lang='lat' dir='ltr'><strong>etiam</strong></span> <span class='ocrx_word' id='word_1_259' title='bbox 372 3297 464 3358; x_wconf 88' lang='lat' dir='ltr'><strong>bodie</strong></span> <span class='ocrx_word' id='word_1_260' title='bbox 484 3297 591 3359; x_wconf 87' lang='lat' dir='ltr'><strong>maiori</strong></span> <span class='ocrx_word' id='word_1_261' title='bbox 613 3318 649 3360; x_wconf 88' lang='lat' dir='ltr'><strong>ex</strong></span> <span class='ocrx_word' id='word_1_262' title='bbox 676 3307 761 3380; x_wconf 87' lang='lat' dir='ltr'><strong>parte</strong></span> <span class='ocrx_word' id='word_1_263' title='bbox 780 3317 800 3356; x_wconf 90' lang='lat' dir='ltr'><strong>a</strong></span> <span class='ocrx_word' id='word_1_264' title='bbox 822 3294 1001 3368; x_wconf 84' lang='lat' dir='ltr'><strong>Christianis</strong></span> <span class='ocrx_word' id='word_1_265' title='bbox 1022 3290 1112 3352; x_wconf 89' lang='lat' dir='ltr'><strong>inha-</strong></span> 
     </span>
     <span class='ocr_line' id='line_1_37' title="bbox 4 3373 1112 3464; baseline -0.005 -25"><span class='ocrx_word' id='word_1_266' title='bbox 4 3373 125 3458; x_wconf 89' lang='lat' dir='ltr'><strong>bitata,</strong></span> <span class='ocrx_word' id='word_1_267' title='bbox 165 3383 351 3464; x_wconf 87' lang='lat' dir='ltr'><strong>praesertim</strong></span> <span class='ocrx_word' id='word_1_268' title='bbox 387 3382 615 3444; x_wconf 87' lang='lat' dir='ltr'><strong>mercatoribus.</strong></span> <span class='ocrx_word' id='word_1_269' title='bbox 666 3377 881 3444; x_wconf 66' lang='grc' dir='ltr'><strong>ΙιαιιιιαΙιιαίιιιι.Ι</strong></span> <span class='ocrx_word' id='word_1_270' title='bbox 929 3375 1035 3438; x_wconf 86' lang='lat' dir='ltr'><strong>Placet</strong></span> <span class='ocrx_word' id='word_1_271' title='bbox 1064 3378 1112 3434; x_wconf 90' lang='lat' dir='ltr'><strong>in·</strong></span> 
     </span>
     <span class='ocr_line' id='line_1_38' title="bbox 4 3459 1112 3551; baseline -0.002 -31"><span class='ocrx_word' id='word_1_272' title='bbox 4 3479 96 3542; x_wconf 87' lang='lat' dir='ltr'><strong>super</strong></span> <span class='ocrx_word' id='word_1_273' title='bbox 130 3468 204 3526; x_wconf 88' lang='lat' dir='ltr'><strong>eius</strong></span> <span class='ocrx_word' id='word_1_274' title='bbox 242 3462 497 3551; x_wconf 84' lang='lat' dir='ltr'><strong>descriptionem,</strong></span> <span class='ocrx_word' id='word_1_275' title='bbox 521 3466 659 3548; x_wconf 87' lang='lat' dir='ltr'><strong>quamvis</strong></span> <span class='ocrx_word' id='word_1_276' title='bbox 692 3461 933 3546; x_wconf 77' lang='lat' dir='ltr'><strong>longiusculam,</strong></span> <span class='ocrx_word' id='word_1_277' title='bbox 964 3481 999 3520; x_wconf 82' lang='lat' dir='ltr'><strong>ex</strong></span> <span class='ocrx_word' id='word_1_278' title='bbox 1028 3459 1112 3520; x_wconf 87' lang='lat' dir='ltr'><strong>Petri</strong></span> 
     </span>
     <span class='ocr_line' id='line_1_39' title="bbox 4 3541 1113 3631; baseline -0.003 -27"><span class='ocrx_word' id='word_1_279' title='bbox 4 3545 99 3628; x_wconf 84' lang='lat' dir='ltr'><strong>Gyllii</strong></span> <span class='ocrx_word' id='word_1_280' title='bbox 136 3561 275 3631; x_wconf 77' lang='lat' dir='ltr'><strong>topogra</strong></span> <span class='ocrx_word' id='word_1_281' title='bbox 296 3547 347 3608; x_wconf 89' lang='lat' dir='ltr'><strong>hia</strong></span> <span class='ocrx_word' id='word_1_282' title='bbox 378 3549 714 3630; x_wconf 82' lang='lat' dir='ltr'><strong>Constantinopolitano</strong></span> <span class='ocrx_word' id='word_1_283' title='bbox 744 3565 918 3628; x_wconf 88' lang='lat' dir='ltr'><strong>apponere,</strong></span> <span class='ocrx_word' id='word_1_284' title='bbox 949 3541 1033 3626; x_wconf 91' lang='lat' dir='ltr'><strong>quod</strong></span> <span class='ocrx_word' id='word_1_285' title='bbox 1063 3561 1113 3601; x_wconf 88' lang='lat' dir='ltr'><strong>me</strong></span> 
     </span>
     <span class='ocr_line' id='line_1_40' title="bbox 4 3569 1113 3714; baseline -0.003 -28"><span class='ocrx_word' id='word_1_286' title='bbox 4 3629 121 3694; x_wconf 88' lang='lat' dir='ltr'><strong>utiliter</strong></span> <span class='ocrx_word' id='word_1_287' title='bbox 143 3633 259 3696; x_wconf 82' lang='lat' dir='ltr'><strong>iecisse</strong></span> <span class='ocrx_word' id='word_1_288' title='bbox 277 3569 422 3711; x_wconf 64' lang='lat' dir='ltr'><strong>iacturas,</strong></span> <span class='ocrx_word' id='word_1_289' title='bbox 454 3643 491 3692; x_wconf 89' lang='lat' dir='ltr'><strong>ut</strong></span> <span class='ocrx_word' id='word_1_290' title='bbox 511 3652 619 3714; x_wconf 87' lang='lat' dir='ltr'><strong>spero,</strong></span> <span class='ocrx_word' id='word_1_291' title='bbox 640 3629 842 3704; x_wconf 89' lang='lat' dir='ltr'><strong>iudicabant,</strong></span> <span class='ocrx_word' id='word_1_292' title='bbox 875 3647 945 3690; x_wconf 88' lang='lat' dir='ltr'><strong>curn</strong></span> <span class='ocrx_word' id='word_1_293' title='bbox 965 3627 1113 3686; x_wconf 88' lang='lat' dir='ltr'><strong>maiorem</strong></span> 
     </span>
     <span class='ocr_line' id='line_1_41' title="bbox 4 3708 1112 3796; baseline -0.005 -25"><span class='ocrx_word' id='word_1_294' title='bbox 4 3709 162 3778; x_wconf 85' lang='lat' dir='ltr'><strong>historiae&#39;</strong></span> <span class='ocrx_word' id='word_1_295' title='bbox 183 3716 281 3777; x_wconf 89' lang='lat' dir='ltr'><strong>huius</strong></span> <span class='ocrx_word' id='word_1_296' title='bbox 301 3725 419 3796; x_wconf 86' lang='lat' dir='ltr'><strong>partem</strong></span> <span class='ocrx_word' id='word_1_297' title='bbox 440 3715 621 3779; x_wconf 82' lang='lat' dir='ltr'><strong>evolverint.</strong></span> <span class='ocrx_word' id='word_1_298' title='bbox 661 3713 791 3793; x_wconf 81' lang='lat' dir='ltr'><strong>Syrena</strong></span> <span class='ocrx_word' id='word_1_299' title='bbox 808 3713 906 3792; x_wconf 86' lang='lat' dir='ltr'><strong>regia,</strong></span> <span class='ocrx_word' id='word_1_300' title='bbox 934 3712 1001 3770; x_wconf 90' lang='lat' dir='ltr'><strong>iam</strong></span> <span class='ocrx_word' id='word_1_301' title='bbox 1016 3708 1112 3779; x_wconf 75' lang='lat' dir='ltr'><strong>uulgo</strong></span> 
     </span>
     <span class='ocr_line' id='line_1_42' title="bbox 4 3791 1110 3871; baseline -0.014 -9"><span class='ocrx_word' id='word_1_302' title='bbox 4 3801 181 3862; x_wconf 71' lang='lat' dir='ltr'><strong>caminata</strong></span> <span class='ocrx_word' id='word_1_303' title='bbox 208 3795 337 3858; x_wconf 86' lang='lat' dir='ltr'><strong>Galata</strong></span> <span class='ocrx_word' id='word_1_304' title='bbox 366 3801 433 3858; x_wconf 83' lang='lat' dir='ltr'><strong>sive</strong></span> <span class='ocrx_word' id='word_1_305' title='bbox 454 3799 562 3871; x_wconf 86' lang='lat' dir='ltr'><strong>l&#39;era,</strong></span> <span class='ocrx_word' id='word_1_306' title='bbox 604 3799 722 3858; x_wconf 81' lang='lat' dir='ltr'><strong>rectius</strong></span> <span class='ocrx_word' id='word_1_307' title='bbox 748 3791 950 3859; x_wconf 83' lang='lat' dir='ltr'><strong>nominanda</strong></span> <span class='ocrx_word' id='word_1_308' title='bbox 970 3792 1110 3862; x_wconf 84' lang='lat' dir='ltr'><strong>Peraea,</strong></span> 
     </span>
     <span class='ocr_line' id='line_1_43' title="bbox 4 3875 1110 3963; baseline -0.006 -25"><span class='ocrx_word' id='word_1_309' title='bbox 4 3892 34 3940; x_wconf 83' lang='lat' dir='ltr'><strong>ut</strong></span> <span class='ocrx_word' id='word_1_310' title='bbox 56 3883 227 3963; x_wconf 77' lang='lat' dir='ltr'><strong>Iosephus</strong></span> <span class='ocrx_word' id='word_1_311' title='bbox 254 3879 414 3941; x_wconf 77' lang='lat' dir='ltr'><strong>iudaeam</strong></span> <span class='ocrx_word' id='word_1_312' title='bbox 441 3893 531 3941; x_wconf 81' lang='lat' dir='ltr'><strong>tram</strong></span> <span class='ocrx_word' id='word_1_313' title='bbox 561 3875 737 3941; x_wconf 81' lang='lat' dir='ltr'><strong>Iordanem</strong></span> <span class='ocrx_word' id='word_1_314' title='bbox 766 3879 911 3938; x_wconf 83' lang='lat' dir='ltr'><strong>nominat</strong></span> <span class='ocrx_word' id='word_1_315' title='bbox 938 3875 1110 3936; x_wconf 83' lang='lat' dir='ltr'><strong>Peraeam.</strong></span> 
     </span>
     <span class='ocr_line' id='line_1_44' title="bbox 4 3956 1112 4045; baseline -0.01 -21"><span class='ocrx_word' id='word_1_316' title='bbox 4 3961 63 4026; x_wconf 67' lang='lat' dir='ltr'><strong>Cur·</strong></span> <span class='ocrx_word' id='word_1_317' title='bbox 91 3979 218 4027; x_wconf 82' lang='lat' dir='ltr'><strong>autem</strong></span> <span class='ocrx_word' id='word_1_318' title='bbox 248 3963 429 4045; x_wconf 83' lang='lat' dir='ltr'><strong>appelletur</strong></span> <span class='ocrx_word' id='word_1_319' title='bbox 455 3961 600 4036; x_wconf 85' lang='lat' dir='ltr'><strong>Galata,</strong></span> <span class='ocrx_word' id='word_1_320' title='bbox 629 3956 977 4041; x_wconf 75' lang='grc' dir='ltr'><strong><em>Οσιιαιαιιιίιιαραίἰισιιί</em></strong></span> <span class='ocrx_word' id='word_1_321' title='bbox 1005 3973 1112 4015; x_wconf 82' lang='lat' dir='ltr'><strong>omues</strong></span> 
     </span>
     <span class='ocr_line' id='line_1_45' title="bbox 4 4036 1112 4131; baseline -0.009 -25"><span class='ocrx_word' id='word_1_322' title='bbox 4 4047 66 4108; x_wconf 60' lang='lat' dir='ltr'><strong>iam</strong></span> <span class='ocrx_word' id='word_1_323' title='bbox 99 4045 373 4131; x_wconf 74' lang='lat' dir='ltr'><strong>praedicantem</strong></span> <span class='ocrx_word' id='word_1_324' title='bbox 391 4065 439 4116; x_wconf 90' lang='lat' dir='ltr'><strong>eo,</strong></span> <span class='ocrx_word' id='word_1_325' title='bbox 462 4043 551 4129; x_wconf 83' lang='lat' dir='ltr'><strong>quad</strong></span> <span class='ocrx_word' id='word_1_326' title='bbox 569 4043 636 4105; x_wconf 87' lang='lat' dir='ltr'><strong>illic</strong></span> <span class='ocrx_word' id='word_1_327' title='bbox 653 4041 730 4105; x_wconf 85' lang='lat' dir='ltr'><strong>alim</strong></span> <span class='ocrx_word' id='word_1_328' title='bbox 754 4041 808 4102; x_wconf 90' lang='lat' dir='ltr'><strong>lac</strong></span> <span class='ocrx_word' id='word_1_329' title='bbox 831 4036 1026 4099; x_wconf 81' lang='lat' dir='ltr'><strong>venderetur</strong></span> <span class='ocrx_word' id='word_1_330' title='bbox 1053 4047 1112 4098; x_wconf 89' lang='lat' dir='ltr'><strong>aut</strong></span> 
     </span>
     <span class='ocr_line' id='line_1_46' title="bbox 4 4119 1110 4212; baseline -0.01 -23"><span class='ocrx_word' id='word_1_331' title='bbox 4 4131 237 4212; x_wconf 73' lang='lat' dir='ltr'><strong>reerigeretur,</strong></span> <span class='ocrx_word' id='word_1_332' title='bbox 258 4127 382 4212; x_wconf 82' lang='lat' dir='ltr'><strong>decepti</strong></span> <span class='ocrx_word' id='word_1_333' title='bbox 404 4127 538 4190; x_wconf 80' lang='lat' dir='ltr'><strong>nominis</strong></span> <span class='ocrx_word' id='word_1_334' title='bbox 560 4125 737 4198; x_wconf 68' lang='lat' dir='ltr'><strong>allusione,</strong></span> <span class='ocrx_word' id='word_1_335' title='bbox 771 4143 827 4184; x_wconf 85' lang='lat' dir='ltr'><strong>nec</strong></span> <span class='ocrx_word' id='word_1_336' title='bbox 850 4119 959 4182; x_wconf 82' lang='lat' dir='ltr'><strong>dubito</strong></span> <span class='ocrx_word' id='word_1_337' title='bbox 968 4164 981 4192; x_wconf 90' lang='lat'><strong>,</strong></span> <span class='ocrx_word' id='word_1_338' title='bbox 998 4121 1028 4180; x_wconf 84' lang='lat' dir='ltr'><strong>si</strong></span> <span class='ocrx_word' id='word_1_339' title='bbox 1048 4120 1110 4180; x_wconf 82' lang='lat' dir='ltr'><strong>sci-</strong></span> 
     </span>
     <span class='ocr_line' id='line_1_47' title="bbox 4 4202 1109 4296; baseline -0.009 -22"><span class='ocrx_word' id='word_1_340' title='bbox 4 4227 84 4292; x_wconf 86' lang='lat' dir='ltr'><strong>·ent,</strong></span> <span class='ocrx_word' id='word_1_341' title='bbox 109 4212 287 4276; x_wconf 84' lang='lat' dir='ltr'><strong>Galatam</strong></span> <span class='ocrx_word' id='word_1_342' title='bbox 305 4211 508 4296; x_wconf 85' lang='lat' dir='ltr'><strong>appellatam</strong></span> <span class='ocrx_word' id='word_1_343' title='bbox 533 4209 610 4276; x_wconf 83' lang='lat' dir='ltr'><strong>olim</strong></span> <span class='ocrx_word' id='word_1_344' title='bbox 638 4206 771 4290; x_wconf 78' lang='lat' dir='ltr'><strong>Syram,</strong></span> <span class='ocrx_word' id='word_1_345' title='bbox 793 4207 870 4290; x_wconf 85' lang='lat' dir='ltr'><strong>qm&#39;n</strong></span> <span class='ocrx_word' id='word_1_346' title='bbox 890 4207 986 4266; x_wconf 85' lang='lat' dir='ltr'><strong>etiam</strong></span> <span class='ocrx_word' id='word_1_347' title='bbox 1007 4202 1109 4268; x_wconf 87' lang='lat' dir='ltr'><strong>aude-</strong></span> 
     </span>
    </p>
   </div>
   <div class='ocr_carea' id='block_1_7' title="bbox 31 4321 917 4384">
    <p class='ocr_par' dir='ltr' id='par_1_15' title="bbox 31 4321 917 4384">
     <span class='ocr_line' id='line_1_48' title="bbox 31 4321 917 4384; baseline -0.011 0"><span class='ocrx_word' id='word_1_348' title='bbox 31 4331 270 4384; x_wconf 74' lang='lat' dir='ltr'><strong>Cantacazenut</strong></span> <span class='ocrx_word' id='word_1_349' title='bbox 289 4327 338 4382; x_wconf 84' lang='lat' dir='ltr'><strong>ltt.</strong></span> <span class='ocrx_word' id='word_1_350' title='bbox 883 4321 917 4374; x_wconf 78' lang='grc' dir='ltr'><strong>3ο</strong></span> 
     </span>
    </p>
   </div>
   <div class='ocr_carea' id='block_1_8' title="bbox 0 0 1442 4944">
    <p class='ocr_par' dir='ltr' id='par_1_16' title="bbox 0 0 1442 4944">
     <span class='ocr_line' id='line_1_49' title="bbox 0 0 1442 4944; baseline 0 2"><span class='ocrx_word' id='word_1_351' title='bbox 0 0 1442 4944; x_wconf 95' lang='lat' dir='ltr'><strong> </strong></span> 
     </span>
    </p>
   </div>
  </div>
 </body>
</html>
