2874 4944
199 321 204 338 ’
292 369 347 434 nn
378 367 659 433 unricuznur
690 371 763 434 cin.
794 375 819 434 t.
860 423 867 438 .
1017 345 1097 447 [ται

53 527 114 586 tiens
121 573 130 604 ,
156 545 269 588 rusum
290 547 324 588 ex
346 525 491 608 Epigonis
521 523 664 607 protulit:
707 525 830 586 audisne
853 525 930 590 baec
951 527 1104 616 Amphia-

51 610 99 667 ταέ
113 609 159 668 nd
180 622 288 671 terram
306 610 434 670 abdite?
473 609 625 670 Zenonem
648 608 854 690 significahat,
883 632 902 671 a
932 633 993 692 quo
1016 613 1104 674 illurn

49 691 206 771 degenerare
225 691 353 754 dolebat.
395 691 479 752 idem
505 711 531 750 t.
556 690 594 752 de
616 690 703 757 Orat.
735 692 818 776 Quid
837 693 960 753 muita?
991 693 1104 756 Pedem

48 793 120 834 nento
138 775 169 834 in
194 776 246 836 illo
273 775 386 836 iudicio
409 773 563 858 supplosit.
603 772 758 834 Laudatur
782 796 799 834 a
821 774 981 836 Cornificio
1003 775 1056 837 lib.
1071 781 1102 839 3.

47 875 103 914 reru
119 855 264 940 supplosio
306 857 419 918 edisio
440 867 569 918 oratore.
612 855 869 936 Quintil.lib.rr.
892 860 998 940 capit.
1021 862 1105 940 pedis

49 939 205 1020 supplosio,
224 952 261 1002 ut
280 881 347 1002 lbco
368 951 413 1002 est
433 951 618 1022 opportuno,
639 946 673 1000 ut
693 944 735 1001 eit
753 941 859 1002 Cicero
888 942 918 1000 in
943 943 1049 1020 Bruto,
1072 946 1104 1004 in

45 1026 268 1085 contentionibus
287 1025 465 1105 incipiendis
487 1035 540 1083 eut
559 1024 722 1101 liniendis:
754 1025 796 1086 ita
825 1025 931 1116 erebra
955 1033 984 1084 et
1008 1025 1105 1108 inepti

45 1116 81 1163 est
94 1105 216 1168 hominis
239 1117 268 1168 et
288 1108 397 1168 desinit
418 1107 545 1168 indicem
562 1109 593 1168 in
612 1127 644 1168 se
664 1119 851 1168 convertere.
872 1127 1000 1169 courir.
1124 1145 1127 1161 .

23 1181 26 1197 '
114 1189 270 1270 Paesto,
286 1191 334 1252 ιδ.
358 1189 543 1269 καθῆσθαι,
564 1190 644 1250 idern
664 1201 708 1251 est
729 1191 870 1262 Graecis,
906 1190 988 1271 quod
1018 1191 1105 1252 nobis

41 1271 143 1350 sedete,
170 1272 219 1336 vel
254 1275 355 1356 potius
384 1272 463 1355 idern
484 1273 571 1333 nobis
601 1283 645 1334 est
666 1273 785 1352 sedere,
817 1272 900 1356 quod
923 1273 982 1334 illis
1003 1276 1106 1352 rubi-¹

42 1353 119 1432 σθαι,
138 1377 193 1437 pro
212 1357 430 1439 negligentem,
452 1358 592 1436 pigrum,
612 1367 822 1435 cunctantem,
855 1358 1011 1416 remissum
1043 1377 1106 1416 esse

41 1435 66 1494 in
95 1435 193 1520 aliquo
219 1461 258 1500 ne
278 1442 359 1517 otio,
388 1439 464 1498 nihil
495 1459 593 1521 cgere.
632 1439 848 1504 Demosthenes
874 1461 900 1500 t.
922 1433 1107 1522 Olynthiaca

40 1518 188 1602 obiurgans
220 1462 420 1585 Albenieuses
450 1521 488 1582 de
522 1523 668 1603 segnitie,
697 1525 839 1606 quises
862 1521 1006 1603 Philippo
1028 1525 1107 1604 cingi

39 1601 158 1687 undique
176 1625 239 1668 non
261 1606 418 1686 viderent,
433 1625 489 1665 nec
509 1615 595 1666 tento
614 1605 693 1667 malo
712 1605 878 1666 remedium
901 1616 1104 1685 quaererent:

37 1681 85 1747 :ni
99 1683 197 1776 :cinips
220 1689 384 1768 πανταχοῦ
402 1685 570 1766 rediissent
589 1680 671 1766 ὑμᾶς
708 1685 764 1748 καί
798 1687 998 1767 ’καθημένους
1017 1708 1130 1764 nepe·

38 1769 224 1848 αταιχιζεται.
246 1771 310 1837 Cic.
332 1772 363 1832 in
384 1771 547 1832 Pisonem:
577 1791 618 1831 nn
637 1785 732 1854 potest
756 1772 822 1832 edla
851 1791 910 1830 esse
933 1773 1105 1844 eoeeusnnb,

34 1871 85 1912 non
103 1853 201 1915 dr‘cam
223 1856 304 1916 male
324 1855 475 1929 sentienti,
500 1853 556 1914 sed
569 1854 700 1931 sedenti,
727 1855 781 1916 sed
807 1854 970 1926 cunctanti,
991 1853 1108 1912 dormi-

36 1937 88 1994 enti
101 1937 132 1998 in
147 1941 288 2000 maximo
302 1939 347 1998 nei
362 1939 498 2008 publicae
516 1949 594 1997 motu
610 1939 724 1998 consuli
732 1945 747 1999 t
779 1935 925 2019 Virgilius
945 1935 975 2012 3.
998 1937 1108 2017 Georg,

31 2029 57 2076 et
74 2021 197 2082 melion:
219 2021 305 2082 Deos
324 2021 404 2081 sedet
423 2021 524 2080 omina
540 2038 670 2103 possem.
692 2041 824 2081 norrun.
1056 2045 1059 2050 ·

107 2101 192 2185 Pag.
207 2105 320 2182 181,u.
339 2123 412 2187 pro
428 2103 626 2164 laedenti:
642 2124 823 2186 persona.
846 2101 1108 2196 Hono'riestquo*

31 2181 185 2248 dammodo
200 2210 217 2249 a
235 2185 455 2271 potentioribus
472 2196 503 2246 et
519 2183 731 2246 illustrioribus
747 2189 882 2267 accipere
895 2185 1056 2261 iniurium,
1067 2187 1108 2244 si·

31 2279 76 2326 cut
84 2270 214 2334 interfici
232 2290 357 2356 quoque
374 2289 393 2330 u
410 2270 482 2330 viris
507 2268 636 2334 fortibus
653 2279 683 2330 et
703 2267 840 2352 inclytis:
868 2267 1006 2327 videmur
1027 2268 1108 2327 enirn

30 2357 96 2412 tunc
114 2373 169 2415 nos
187 2375 313 2438 quoque
335 2355 366 2414 in
399 2350 501 2436 aliquo
526 2354 623 2434 pretio
643 2373 724 2429 esse,
760 2355 827 2412 sine
848 2349 959 2432 quibus
978 2351 1109 2409 maiores

29 2433 125 2513 nobis,
150 2461 233 2520 quae
254 2437 372 2514 velint,
400 2437 544 2518 consequi
564 2457 625 2495 non
646 2438 771 2517 possint.
812 2433 872 2495 Sed
893 2433 970 2492 laedi
995 2453 1012 2491 a
1034 2453 1108 2491 eon-

27 2523 139 2602 temptis
160 2534 193 2583 et
215 2521 341 2582 abiectis
362 2519 429 2580 ideo
450 2519 533 2580 dolet
554 2519 702 2600 emplius,
735 2519 808 2598 quin
840 2536 908 2576 cum
938 2515 1048 2574 iniuria
1069 2515 1110 2573 ad

23 2619 74 2661 ¹¹0⁵
103 2627 145 2688 qu
189 2627 230 2666 ue
262 2615 451 2686 contemptus
475 2604 634 2686 pervenit,
661 2611 768 2683 utpote
787 2599 842 2682 qui
863 2598 994 2680 despecti
1015 2596 1108 2656 sueri-

25 2701 87 2746 tnus
107 2710 126 2748 a
147 2693 180 2750 vi
196 2691 309 2750 'ssimis
341 2707 471 2748 ronrsrn

98 2771 185 2854 Pag.
204 2771 277 2848 182,
296 2769 345 2846 nd.
366 2763 457 2850 ἡμεῖς
481 2769 527 2829 Μ.

98 2854 181 2936 Peg.
198 2853 274 2931 183,
291 2873 338 2934 19.
359 2849 414 2911 κατ’
432 2873 493 2915 om.
512 2849 558 2912 Μ.
591 2846 654 2911 etl.
667 2868 717 2913 22.
731 2845 801 2911 edd.
812 2843 868 2909 tini
885 2853 958 2909 ente
975 2840 1068 2911 καλαὶ.

96 2937 185 3022 Pag.
207 2933 339 3015 18424.
360 2927 484 3008 ἓξεστατ
504 2935 552 2995 Μ.

95 3022 185 3104 Pag.
204 3019 337 3098 185,23.
359 3011 485 3098 ἀδήλως
506 3039 567 3078 om.
588 3017 634 3076 M.

95 3101 336 3186 Pag.186‚nr.
357 3091 664 3178 συστρατευσόμενοι
677 3097 722 3158 Μ.
739 3115 801 3179 mg.

93 3185 185 3269 Pag.
206 3183 323 3329 riipil.
345 3180 630 3264 σαναθραιζαμένης
654 3182 698 3246 Μ.

96 3267 183 3352 Pag.
201 3269 241 3332 18
266 3267 316 3346 ,3.
338 3263 454 3346 πλήθει
472 3266 533 3345 μὲν
553 3256 708 3346 draptes.
733 3261 777 3326 Μ.

96 3351 187 3436 Pag.
206 3350 280 3430 188,
295 3349 513 3430 indignum
534 3345 823 3410 decertatione.
845 3341 939 3428 Apud
950 3339 1114 3423 Guropnln·

14 3435 130 3498 turrita
149 3437 307 3518 scriptum
319 3443 383 3493 est:
404 3428 460 3493 roi
470 3426 577 3512 ἐπειδὴ
594 3422 900 3508 ὅμᾶνἈλέξανὸρος
921 3429 982 3490 ταῖν
1000 3425 1114 3486 Mars-

13 3509 116 3580 δόνων
137 3510 301 3598 nienstede
323 3505 381 3614 ἦν,
406 3511 426 3598 ἢ
449 3513 484 3578 di
506 3512 692 3576 Messenen
714 3504 863 3590 ὕπὸ-τῆν
883 3509 940 3571 τοῦ
960 3505 1116 3606 dessidere,-

12 3599 186 3676 Ῥωμαίων
199 3605 300 3681 χεῖρα
314 3593 499 3678 septennes,
512 3592 553 3657 τὰ
575 3597 636 3676 μὲν
650 3594 714 3679 ἑῷα
735 3588 812 3677 ἔθνη
833 3589 960 3656 διδόασι
974 3593 1115 3668 percipe

12 3677 107 3764 τιμὴν
125 3683 175 3769 τῷ
200 3683 349 3762 βασιλεῖ,
371 3677 415 3754 ὥς
436 3671 573 3762 διαδόχῳ
594 3673 912 3758 norptrori'o‘nnpu'sn
932 3673 989 3736 τοῦ
1012 3672 1116 3744 Ἀλεξ-

12 3759 159 3846 n'vtlpou,
191 3759 236 3828 ed
259 3763 289 3825 δ’
310 3761 355 3822 nd
381 3754 512 3840 incripta
547 3756 592 3832 sic
619 3761 677 3820 τοῦ
706 3753 843 3840 μεγάλου
872 3749 1116 3824 Ktevornm'eou

13 3845 131 3928 lendix
166 3893 175 3910 .
226 3847 274 3910 Er
298 3844 346 3906 his
367 3856 441 3928 puto
461 3843 532 3904 huic
552 3841 619 3903 loco
634 3841 732 3902 lucem
753 3843 874 3902 lactsnn
916 3837 981 3901 Pro
1001 3835 1116 3896 sormo-
1165 3899 1170 3907 .

13 3933 44 3990 tis
68 3938 126 4014 qui
155 3953 211 3994 em
237 3929 381 3990 uxoribus
401 3937 548 3988 certatum
569 3945 634 3987 esse
653 3935 781 3985 constet.
825 3921 866 3981 Et
887 3917 1018 4003 Assyrii,
1042 3935 1124 3978 oon·

13 4027 117 4094 :pecto
144 4013 298 4077 ludithae
318 4010 393 4072 adeo
407 4010 570 4093 praestanti
586 4027 735 4090 corpore,
759 4007 845 4065 aiunt
867 3999 1025 4064 Holoferni
1041 4044 1050 4073 ,
1067 3997 1118 4060 cui

13 4119 74 4158 :am
98 4099 284 4162 sistebant:
307 4095 386 4178 (iuis
400 4103 568 4154 contemnat
578 4091 723 4178 populien
738 4086 947 4150 Hebraeorum
960 4127 971 4163 ,
984 4083 1038 4169 qui
1053 4094 1124 4144 tane

13 4183 140 4246 ieceras
162 4178 503 4254 molismensem
525 4195 583 4236 non
619 4193 654 4235 ro
674 4175 719 4234 tut
738 4171 842 4232 nerito
859 4187 998 4251 pugnare
1015 4177 1118 4226 eornm

14 4287 54 4328 oe
76 4267 281 4330 debeamus?
302 4261 418 4326 Iudith.
441 4281 468 4328 c.
494 4277 539 4330 ιο.
634 4257 674 4324 od
698 4257 737 4321 ed
756 4253 833 4322 filies
854 4251 917 4316 sive
938 4261 1040 4336 neptes
1059 4250 1119 4310 in:-
