2874 4944
328 239 412 342 504
598 273 603 280 ·
709 255 1024 326 suuorsuours

290 471 296 486 ,
325 395 440 484 ἑαυτοῦ
461 411 597 496 δῦναμιν
625 405 688 478 ῦπδ
707 411 767 476 τοῦ
791 407 926 490 ἀπείρου
949 407 1057 496 φωτὸς
1095 413 1151 476 καί
1179 415 1316 488 παντελῶς
1329 437 1370 480 ιιι

325 501 542 582 τακαυθῆναι·
565 491 600 560 αἲ
629 495 664 559 δὲ
692 493 812 568 ἀκτῖνες
836 492 934 557 αῦτοῦ
955 491 1036 574 πρός
1060 487 1144 576 ἡμᾶς
1169 491 1315 578 ἔρχονται,
1334 499 1371 558 καλ

326 579 570 662 καταλῦμπουσι
597 573 699 642 πάντα
720 574 758 640 τὰ
786 578 824 664 δνΙ
841 579 885 665 τῷ
909 571 1027 723 κόαμρι·
1055 578 1185 656 λέγομεν
1205 581 1239 641 δὲ
1259 573 1370 662 ἡμιίςὴ-

326 671 394 730 λιον
413 662 469 727 καί
488 657 544 726 τὸν
566 661 673 725 διὀκον
694 661 810 723 ἐκεῖνον
842 660 898 722 καί
917 655 974 734 τὰς
1005 657 1105 724 κείνου
1127 655 1260 736 ἀκτῖνας,
1278 659 1322 722 καί
1335 663 1372 722 οίι

328 745 391 811 εἰσί
412 744 465 810 διὰ
487 747 582 828 τοῦτο,
602 741 658 808 δῦο
682 737 776 826 ἡλιοι,
798 739 877 805 οἷλλῦ
900 733 955 820 εἷς,
972 741 1047 806 οῦδὲ
1067 741 1198 845 λέγρμεν
1216 740 1269 804 δῦο
1287 741 1373 823 ἡλίους,

327 827 408 894 α’λλῦ
430 831 504 906 ἕνα,
534 824 594 890 νῦν
614 827 749 926 μυρίους
771 821 829 912 ἔχῃ
851 820 910 898 τὰς
932 825 1077 898 ἀκτῖνας·
1100 848 1183 888 ουτω
1208 824 1260 889 καί
1280 826 1374 889 irrisui

327 915 424 991 θεοῦ,
447 905 482 985 ῦς
502 913 569 974 εὀιι
586 931 700 992 νοητος
721 903 827 990 ἡλιος,
860 901 919 970 ztir
938 908 1076 989 λέγωμεν
1094 908 1263 987 α’μέθεκτον
1279 905 1326 988 τὴν
1340 907 1376 968 ου’-

327 999 401 1060 οιάν
422 994 524 1057 αῦτοῦ
542 989 598 1056 καί
618 991 778 1072 ἀθέατον,
811 987 967 1073 μεθεκτὴν
988 991 1023 1052 δὲ
1049 987 1106 1073 τὴν
1134 989 1288 1071 ἐνέργειαν
1305 982 1376 1052 uitri

327 1079 383 1140 καί
401 1075 459 1163 τὴν
481 1069 601 1160 χάριν,
628 1069 663 1158 ἡν
687 1075 830 1155 δέχονται
855 1070 965 1148 πάντες
987 1069 1018 1136 οῖ
1037 1067 1140 1154 ἅγιοι,
1176 1067 1258 1136 utut
1277 1063 1316 1146 εἷς
1331 1073 1377 1134 εἰει

327 1157 427 1241 θεὸς,
458 1159 513 1222 καί
541 1153 598 1241 τὴν
619 1153 737 1233 ,ortatur
758 1151 840 1238 ἔχων
865 1153 921 1219 καί
937 1151 993 1238 τὴν
1022 1156 1191 1239 ἐνέργειαν.
1233 1157 1285 1218 καί
1300 1151 1376 1234 ῦονιρ

327 1243 384 1306 δάν
405 1265 453 1316 τις
481 1235 564 1324 εἴπη,
578 1233 628 1304 δτι
653 1239 769 1302 πολλοί
781 1239 862 1302 εἰσιν
880 1232 964 1322 ἡλιοι
986 1237 1039 1302 διῦ
1061 1237 1118 1314 τὰς
1141 1234 1260 1312 notite
1283 1239 1379 1307 α’κιῑνις

326 1327 387 1390 τοῦ
400 1321 514 1406 ἡλίου,
534 1309 660 1396 ’πάντας
682 1322 737 1384 οῦκ
768 1321 895 1404 α’ληθοῐς
914 1327 1023 1400 μέλλει
1041 1322 1157 1402 εἰπεῖν,
1188 1320 1271 1386 οῦτοι
1289 1319 1335 1382 καί
1343 1319 1379 1381 ε’ἀι

217 1413 225 1436 ¹
327 1431 374 1482 τις
397 1405 479 1493 εἴπῃ,
502 1399 553 1468 ὅτι
575 1403 687 1468 πολλοί
701 1403 763 1468 εἰσι
784 1404 855 1468 θεοί
875 1401 927 1468 διὰ
947 1401 1003 1478 τοὶς
1027 1405 1184 1486 ἐνεργείας
1204 1403 1260 1468 καί
1279 1399 1381 1486 χάριτος

327 1488 384 1556 τοῦ
414 1489 505 1568 θεοῦ,
530 1489 639 1569 μέλλει
666 1489 721 1549 καί
740 1483 841 1562 ἀῦτὸς
867 1483 982 1568 δμοίως
1016 1481 1097 1551 εἶναι
1126 1480 1269 1570 ιῖδεκτος.ι
1305 1483 1380 1564 ὥοπερ

349 1567 389 1654 ἀρ
411 1572 565 1653 λέγομεν,
596 1569 741 1652 καθάπερ
767 1570 908 1634 διδάσκει
930 1569 950 1653 ἡ
972 1568 1045 1651 ἁγία
1073 1571 1130 1634 τοῦ
1153 1572 1235 1634 θεοῦ
1258 1567 1382 1654 iniqui,

327 1597 380 1717 ῦτι
395 1651 462 1736 ἔχει
486 1651 503 1718 δ
521 1649 628 1752 ριατὴρ
655 1647 749 1730 viiiv,
772 1649 840 1752 ἔγει
859 1653 915 1716 καί
933 1655 1060 1752 ρινεῦμα
1080 1647 1192 1736 ῦγιον,
1214 1657 1269 1719 καί
1287 1657 1382 1754 λέγομεν

327 1733 403 1800 θεὸν
424 1733 480 1799 καί
497 1759 552 1802 τον
575 1735 715 1818 πατέρα,
741 1738 814 1799 θεον
830 1739 890 1800 καί
908 1757 961 1798 τον
982 1733 1074 1817 υἱὸν,
1094 1733 1173 1799 θεὸν
1193 1737 1250 1800 καί
1266 1759 1297 1802 ιο
1319 1755 1383 1798 πνεν·

327 1843 375 1901 μα
398 1815 432 1883 τδ
450 1815 552 1902 ἅγιον,
575 1816 629 1882 καί
650 1818 689 1880 οῦ
701 1817 840 1899 λέγομεν,
853 1813 902 1884 δτι
922 1825 1007 1901 τρεῖς
1026 1819 1087 1882 εἶσι
1108 1821 1194 1900 θεοί,
1208 1819 1275 1882 ἀλλ’
1287 1811 1384 1890 stator

328 1898 368 1965 τὰ
389 1903 485 1984 τρία,
517 1897 617 1976 οῦτιος
647 1897 762 1980 ὁμοίως
791 1895 850 1964 νῦν
872 1896 1090 1982 λέγοιμεν,ὃτι
1113 1897 1225 1984 ἔχειὴ
1250 1899 1385 1966 οδοίοιοῦ

327 1987 409 2047 θεοῦ
431 1982 570 2069 φυσικὰς
593 1979 751 2066 ἐνεργείαις
772 1979 828 2054 καί
843 1981 991 2066 χάριτας,
1012 1981 1066 2048 καί
1084 1990 1227 2048 καλεῖται
1242 1977 1386 2068 θεδτὴςκιί

330 2067 434 2146 οῦοία,
462 2071 604 2130 καλεῖται
625 2067 659 2128 δὲ
681 2063 773 2171 ναίὴ
794 2064 940 2140 θεοποιός
956 2065 1173 2149 ἐνέργειακαί
1191 2065 1287 2150 χάρις
1308 2063 1386 2144 airis,

329 2145 411 2212 α’λλῦ
432 2146 492 2227 μίοι
518 2146 587 2212 ἐστί
613 2145 722 2252 θεότρς
749 2173 768 2230 η
791 2147 883 2214 οῦαία
906 2143 985 2229 μετά
1017 2151 1073 2232 τῆς
1105 2151 1274 2234 ἐνεργείας,
1294 2145 1386 2230 ιίχῦρι-

331 2251 405 2305 στος
424 2221 505 2294 οῦσα
516 2231 633 2314 ταύτης
647 2255 699 2294 και
713 2228 906 2332 α’διοίρετος·
922 2231 963 2294 ori
975 2228 1035 2332 γῦρ
1051 2230 1226 2335 χοιριζετμι
1246 2233 1387 2334 ἡένέργειι

333 2313 368 2376 ἐκ
388 2313 444 2394 τῆς
466 2307 584 2395 οῦοίας,
606 2313 649 2389 ὥς
668 2313 742 2376 οῦδδ
763 2310 780 2376 δ
802 2313 871 2390 υιδς
893 2315 928 2379 ix
949 2337 1006 2378 του
1027 2335 1146 2396 πατρος
1177 2341 1198 2398 η
1234 2339 1270 2380 το
1291 2317 1386 2392 πνεῦμα

332 2391 369 2460 τὸ
389 2388 477 2476 δι’γιον
496 2387 516 2480 ἡ
537 2395 591 2460 καί
617 2397 725 2461 έκτῦν
755 2397 915 2482 αἰσθὴτῦν
939 2399 1037 2462 εἰπεῖν
1065 2399 1339 2480 παραδειγμάτων,
1359 2391 1387 2464 ῦς

334 2471 409 2542 οῦδὲ
429 2477 449 2578 ἡ
473 2479 560 2552 α’κτίς
582 2475 644 2542 α’τιδ
664 2479 725 2543 ,τοῦ
747 2478 839 2562 ἡλίου
860 2473 881 2562 ἡ
902 2478 1039 2564 ἡθέρμη
1061 2479 1124 2542 riuti
1146 2485 1209 2545 τοῦ
1229 2479 1336 2564 πυρός·
1352 2474 1388 2540 τοτ’

334 2555 371 2625 δν
391 2583 509 2642 τροπον
528 2561 678 2644 λέγομεν,
711 2553 791 2645 ῦτιὴ
812 2561 905 2628 οῦοίοι
924 2568 981 2628 τοῦ
1001 2563 1090 2646 ἡλίου
1113 2556 1133 2649 ἡ
1153 2563 1170 2627 δ
1192 2565 1298 2642 δίσκος
1316 2559 1389 2626 aristi

333 2637 482 2743 ῦπερέχει
503 2647 556 2708 καί
584 2645 765 2728 ὑπέρκειται
786 2639 829 2718 ῦς
855 2643 1026 2726 ἀμέθεκτος
1053 2649 1116 2710 τῶν
1137 2649 1275 2711 α’κτίνονν
1292 2647 1339 2708 καί
1352 2646 1387 2724 ti:

333 2727 520 2805 έλλαμψειος
547 2727 602 2809 τὴς
630 2728 830 2810 αεμπομένιγς
849 2731 894 2802 εἰς
919 2725 993 2805 τοῦς
1013 2723 1184 2814 ἡμετέρους
1209 2722 1386 2815 ὀφθαλμούς·

334 2807 451 2882 ἐκεῖνος
471 2806 530 2892 γοὶρ
552 2811 639 2874 έοτιν
663 2808 691 2892 ἡ
704 2808 786 2894 πργὴ
807 2805 900 2894 καίὴ
931 2807 1014 2895 οἶρχὴ
1036 2815 1093 2876 καί
1126 2807 1204 2896 ῥίζα
1236 2815 1291 2877 καί
1317 2809 1386 2890 δρο-

333 2887 428 2992 ρηγδς
448 2893 502 2994 {tii
526 2890 713 2972 δλλοίμψεαις
727 2940 749 2992 ,ι
772 2890 857 2962 orirer
876 2895 1013 2976 λέγομεν,
1032 2891 1141 2970 καθοδς
1165 2884 1388 2960 tutamini

330 2997 431 3054 αγιοι,
446 2995 493 3038 οτι
512 2974 568 3039 καί
579 2975 600 3058 ἡ
619 2977 693 3038 θεία
711 2976 806 3040 ουσία
829 2974 872 3049 uic
900 2978 1072 3054 α’μέθεκτος
1092 2975 1147 3040 καί
1165 2971 1301 3062 οἷόρατος
1316 2975 1387 3050 ὑπὲρ·

334 3060 433 3118 κἐιται
452 3059 516 3120 τῶν
540 3061 574 3136 ἐξ
598 3051 694 3141 αῦιὴς
722 3057 929 3137 πεμπομένων
951 3057 1142 3140 έλλᾰμψεοον
1175 3061 1235 3125 καί
1257 3057 1387 3146 ε’νεργειῦι

333 3136 391 3202 καί
406 3137 626 3220 χαρισμάτων.
669 3143 751 3204 Haeo
770 3153 801 3204 et
821 3143 913 3206 huius
932 3157 1022 3206 notos
1043 3144 1133 3227 pluro
1153 3145 1305 3208 Palamos.

418 3223 463 3284 Ex
483 3227 593 3306 quibus
614 3227 806 3289 manifestum
834 3229 947 3308 evadit,
960 3230 1092 3290 Graecos
1120 3251 1157 3290 eo
1175 3233 1315 3291 ruditatis
1339 3243 1387 3306 por

334 3305 466 3384 cessisse,
491 3319 526 3368 ut
546 3321 699 3391 putarent,
720 3313 925 3392 operationem
946 3313 1004 3372 Dei
1027 3332 1093 3372 esse
1110 3313 1186 3394 quid
1211 3333 1231 3373 a
1252 3309 1388 3376 substruit

334 3387 394 3446 Dei
412 3387 594 3471 diversum,
628 3396 706 3455 sicut
723 3394 866 3474 splendor
885 3405 915 3455 et
935 3393 987 3456 iux
1014 3394 1084 3455 solis
1105 3397 1260 3458 diversum
1279 3393 1343 3476 quid
1359 3399 1388 3448 est
1427 3401 1428 3408 ’

335 3491 354 3530 a
374 3471 542 3534 substantia
563 3475 634 3538 solis
655 3488 685 3538 et
708 3477 791 3537 color
814 3479 891 3558 ignis
910 3501 928 3538 o
952 3479 1119 3540 substantio
1140 3482 1240 3564 ignis:
1275 3478 1338 3539 lieet
1350 3491 1388 3532 11²⁸

334 3552 478 3635 splendor
499 3577 517 3614 a
537 3557 616 3632 sole,
638 3558 798 3620 nec'eoior
817 3561 857 3620 ab
880 3563 949 3644 igne
970 3573 1133 3644 separetur.
1175 3562 1306 3626 Etsieot
1323 3553 1390 3618 amir

334 3636 477 3718 splendor
496 3640 619 3720 (pridem
643 3649 788 3725 perpetuo
808 3645 973 3720 emittitur,
1010 3646 1064 3726 qui
1092 3665 1155 3705 nou
1175 3656 1222 3707 est
1253 3639 1389 3707 subsonis

334 3717 419 3797 solis,
441 3719 511 3784 licet
532 3723 603 3786 solis
622 3725 819 3787 substantiam
879 3739 985 3809 rpetoo
1005 3729 1180 3806 comitetur,
1201 3731 1246 3789 ita
1270 3731 1348 3788 etiam
1366 3739 1388 3778 0¹

250 3833 252 3846 ι
334 3801 438 3864 diviua
475 3809 602 3868 essentia
643 3807 772 3870 simiiem
810 3749 1001 3872 siiudorem
1030 3815 1112 3872 exire
1139 3823 1169 3872 et
1198 3815 1324 3872 emicare
1347 3821 1388 3864 πω

266 3909 283 3972 J
333 3885 424 3945 valde
445 3887 596 3950 subtiliter
614 3892 670 3952 sibi
693 3833 954 3974 imaginaiuutur,
983 3893 1035 3976 qui
1056 3893 1114 3954 sub
1135 3893 1294 3955 hominum
1313 3887 1389 3952 osui&

334 3979 364 4025 et
388 3970 564 4050 angelorum
586 3975 816 4057 intelligentium
839 3977 951 4054 cadat,
974 3980 1086 4059 quique
1106 3997 1176 4038 euru
1197 3988 1330 4038 ereatura
1346 3989 1388 4030 ¹1⁰¹l

334 4051 385 4125 sit,
410 4073 472 4112 uon
495 4057 648 4118 sit'tumeu
673 4059 756 4120 Deus
774 4071 827 4121 out
851 4060 957 4133 deitas,
983 4062 1042 4120 uisi
1062 4059 1163 4120 forsan
1183 4061 1349 4143 improprie,
1364 4071 1388 4110 ιο

333 4131 441 4213 ιποδο,
467 4157 529 4220 quo
546 4137 629 4201 calor
650 4139 761 4203 dicitur
782 4143 885 4226 iguis,
910 4155 963 4204 aut
983 4143 1086 4208 radius
1100 4143 1206 4206 solaris
1230 4141 1295 4206 sois
1314 4154 1388 4218 usque
