3098 4928
505 279 509 290 “
552 319 556 332 ’
596 301 703 368 uum
733 305 789 366 lv.
1213 303 1236 386 7

141 463 180 517 let
204 459 368 538 proficisci.
410 457 490 512 Duas
514 455 712 513 Galataeorum
734 447 815 512 ‘turbes
840 458 873 510 in
889 455 1002 525 Scythia
1019 458 1176 514 Sulimanus
1193 473 1241 510 eo·

140 546 264 606 pugnat.
302 529 489 600 Palaeologus
507 529 670 596 Byzantium
688 529 783 594 venit,
804 529 922 600 populus
938 530 1130 584 tumultuatur.
1166 529 1241 581 Cau-

141 617 301 657 tacusesuss
319 619 381 656 cum
399 615 485 652 usare
503 597 536 652 de
551 601 703 653 monastiea
722 601 784 652 vita
802 615 858 652 com
877 599 1002 652 lectenda
1021 601 1079 672 agit
1097 599 1162 669 (38).
1185 599 1240 651 Ριι-

143 693 200 746 gna
227 691 291 726 cum
320 671 498 738 Palaeologo.
540 669 679 723 Plsilotlsei
704 671 819 722 monitio
844 617 878 723 db
901 669 1030 722 barbaris
1049 669 1088 723 ad
1105 669 1239 725 ausititem

145 763 202 796 non
221 737 379 796 vocandis:
395 752 478 810 paret
498 740 645 808 impostor
654 739 721 810 (39).
755 737 942 794 liedoccertsus
952 742 1049 811 populi
1058 741 1155 812 staur.
1172 735 1240 792 ett-

144 813 251 866 lotlseus
272 830 301 866 se
320 811 444 864 occulit:
462 811 545 862 certis
564 807 768 863 conditionibus
788 811 907 863 iuratur.
941 810 1181 882 Propugnaculum
1203 806 1242 862 od

145 897 256 956 portam
275 899 392 934 auream
410 879 581 935 describitur.
617 881 659 942 De
677 880 804 933 barbaris
825 879 945 932 Thracia
962 879 1108 952 pellendis,
1127 880 1158 931 in
1172 895 1240 950 quos

77 959 80 966 ⁴
150 955 249 1006 lelium
266 949 413 1005 dissuadet
429 946 644 1004 Contacusenus.
680 951 828 1004 Diversum
840 948 874 1003 de
888 952 946 1004 tius
959 953 1086 1004 oratione
1100 948 1241 1008 iudicium.

149 1026 289 1078 iuniorum
307 1021 477 1074 obtrectatio
497 1020 563 1090 ((ο).
600 1017 729 1072 Custodes
752 1018 791 1074 ad
813 1031 921 1092 portam
947 1038 1060 1075 auream
1086 1018 1186 1075 dedere
1210 1034 1240 1072 sc

151 1096 317 1164 Palaeologo
331 1091 499 1146 obhorrent.-
514 1103 590 1144 astus
602 1091 762 1144 Italicorum
774 1093 899 1146 militum.
933 1093 1031 1144 Minae
1044 1090 1240 1144 Cantacuseni.

158 1165 264 1218 Veniam
278 1174 396 1234 petunt,
425 1177 514 1214 arcem
533 1159 644 1214 dedunt·
678 1161 862 1232 Palasologus
880 1161 911 1214 in
927 1161 1061 1232 palatium
1080 1161 1242 1213 invitatur:

155 1233 192 1286 ud
209 1237 301 1306 epulas
326 1247 452 1284 socerum
475 1233 532 1302 ipse
559 1233 672 1283 invitat.
709 1231 800 1284 Plebis
817 1232 947 1284 tunmltus
963 1243 1078 1302 propter
1099 1233 1242 1284 Cantatu-

156 1299 1243 1492 tta'lffmll.titillet.llltttt‘pltlst‘l.lzt‘⁶'lzti

164 1443 346 1512 Pslaeologus,
370 1454 402 1493 ut
420 1447 495 1496 inter
519 1443 649 1511 ipsamet
663 1441 759 1512 filium
778 1444 851 1496 Moti
871 1459 949 1496 acum
968 1444 1107 1496 resarcias
1127 1457 1243 1495 coneor-

165 1511 238 1564 diasc
270 1511 407 1566 cedatur
428 1511 529 1565 tlsrono
552 1514 692 1565 Callistus.
727 1512 901 1582 Niceplsorttt
920 1511 1033 1583 despota
1049 1511 1139 1586 Jidem
1147 1509 1241 1582 sallit-
1350 1532 1352 1540 ·

160 1582 258 1636 Foedus
281 1585 359 1636 inser
381 1585 568 1652 imperotores.
615 1583 764 1653 Optimates
786 1584 903 1640 Ioannis
924 1584 1103 1655 impostores:
1126 1593 1242 1653 propter

159 1671 200 1706 eos
226 1655 326 1706 bellum
350 1649 538 1706 recrudescit:
565 1652 710 1708 blattlsaeo
736 1670 764 1705 se
787 1671 842 1725 pur
860 1666 891 1705 at
906 1649 972 1724 (la).
1018 1653 1112 1706 Obitus
1140 1651 1240 1705 Cralis.

145 1725 254 1776 ·llelena
278 1723 426 1776 Cralaena
454 1723 579 1794 imperat.
632 1723 779 1777 Factioues
801 1670 944 1776 nobilium.
985 1721 1157 1792 Nicephorius
1183 1719 1241 1774 dua

156 1795 324 1848 sseusliom
349 1792 465 1846 obtinet.
508 1794 618 1846 Famuli
643 1795 704 1846 eius
725 1793 840 1848 scelera.
874 1795 982 1864 Regino
1000 1809 1073 1850 uxor
1089 1793 1158 1847 Nice
1176 1789 1243 1846 lsori

152 1867 328 1930 Byzantium,
346 1860 448 1916 deinde
466 1861 615 1918 advirum
634 1881 662 1917 ss
681 1865 811 1935 conficte
835 1864 867 1916 in
884 1865 1099 1933 Peloponnesum
1124 1810 1177 1919 as
1207 1879 1243 1912 a·

152 1948 214 1987 tress
229 1932 371 2004 perfugit.
407 1933 530 1986 Maritus
553 1935 585 1986 in
606 1935 755 1987 certamine
779 1932 815 1986 ab
834 1934 952 1986 Albanis
968 1933 1158 1989 ittttrtcitur:
1181 1932 1243 2001 ipsa

153 2005 282 2070 bysantii
300 2020 363 2057 cum
381 2015 470 2058 matrs
486 2003 650 2056 monacham
667 2004 729 2074 agit
740 2003 807 2072 ((3).
845 2001 981 2057 Orabanis
990 2003 1088 2076 filium
1106 2020 1125 2053 a
1138 2001 1243 2071 piratis

151 2088 266 2144 capum,
285 2073 431 2144 persoluta
444 2072 549 2144 grandi
560 2076 692 2143 pecunia,
710 2075 814 2132 liberat
825 2073 1018 2144 palaeologus.
1055 2073 1243 2126 Triballorum

148 2145 315 2214 principum
333 2143 462 2196 amicitia
478 2161 537 2196 cum
555 2145 749 2204 Cantacuseno
768 2156 796 2198 et
821 2143 881 2197 eius
895 2143 973 2214 filio.
1008 2143 1043 2195 ln
1056 2155 1177 2213 quantas
1191 2159 1244 2198 an·

149 2219 253 2285 guttim
274 2211 410 2266 redactus
424 2212 583 2268 Matthaeus
593 2214 661 2283 ((4).
698 2213 778 2268 Urbis
790 2212 865 2266 Plsili
881 2229 978 2284 porum
990 2211 1148 2283 descriptio.
1186 2212 1243 2266 Ca·

149 2285 220 2352 pitter
246 2283 416 2338 Matthaeus
440 2301 458 2336 a
485 2283 706 2354 Philippensibus
728 2287 760 2338 in
779 2301 817 2354 pa
868 2301 890 2335 e.
934 2284 1157 2354 Gratianopolim
1180 2299 1242 2341 outa

151 2359 202 2406 eius
218 2371 313 2408 uxore
342 2365 370 2406 et
392 2352 488 2406 liberis
513 2357 590 2424 capit
605 2353 799 2426 Palaeologus.
834 2356 859 2406 A
878 2353 1002 2407 Boiclsno
1023 2353 1148 2408 tritecto
1165 2355 1242 2406 Mat-

149 2423 241 2477 tbaeus
267 2423 395 2495 pecunia
423 2423 590 2495 Polaeologo
618 2421 761 2483 venditur.
808 2421 901 2477 turum
928 2424 1006 2477 oculi
1029 2425 1057 2478 ei
1080 2421 1240 2494 effodiendi.

146 2493 296 2548 laudatus·
315 2494 484 2565 palaeologi
501 2495 532 2546 in
548 2493 664 2549 eundem
682 2491 895 2549 misericordia.-
911 2492 1029 2548 libertas
1045 2493 1158 2563 captiuo
1174 2512 1242 2565 pro-

146 2566 268 2618 mittitur
287 2564 356 2632 ((5).
399 2563 610 2618 Cantacucenus
633 2567 742 2636 gratias
762 2565 823 2636 agit
846 2576 874 2616 ct
891 2582 950 2619 tum
968 2581 982 2616 e
1000 2561 1127 2616 custodia
1153 2563 1243 2617 studet
1335 2587 1339 2596 ⁴

147 2636 299 2708 impeta-are
317 2633 399 2716 ((6).Ι
421 2635 510 2686 Ziani
527 2637 557 2687 in
576 2635 731 2716 Cugertiom
748 2632 921 2696 monacham,
937 2633 1133 2688 Cantacuzeni
1155 2647 1241 2687 autea
1296 2639 1301 2650 '

149 2723 304 2830 utcu
321 2701 1243 2846 eluctatus..taratauc.“tu-:⁶3⁰tc

149 2861 230 2916 pater
238 2845 343 2920 filium
363 2861 381 2894 a
400 2843 551 2914 cupiditate
569 2845 679 2915 imperii
697 2843 861 2918 detorquere
879 2845 982 2898 nititur
997 2844 1064 2914 ((8).
1100 2844 1242 2916 Obtempe·

115 2961 121 2986 ,
152 2929 196 2968 rat
214 2914 385 2972 laubacus
404 2927 433 2968 st
450 2917 539 2972 iurat.
573 2916 757 2986 Polacologus
770 2918 856 2968 amice
871 2931 973 2968 cumea
988 2926 1127 2966 uersatur.
1165 2914 1241 2966 Con·

150 2998 304 3040 munus
326 3001 387 3038 cum
423 2982 521 3038 eodem
551 2997 665 3057 totaque
690 2989 750 3040 eius
764 2985 883 3055 finilia
908 2981 948 3036 od
969 3001 1073 3036 novum
1095 2981 1241 3037 dissidium

151 3058 224 3110 ister
248 3057 335 3108 iilum
358 3066 385 3106 et
409 3070 539 3124 gesnerum
549 3053 716 3126 fiagiendum
734 3057 949 3125 Peloponnesum
965 3055 1045 3122 petit,
1067 3052 1160 3124 ibique
1178 3071 1240 3106 eum

146 3125 232 3194 sesni
252 3123 385 3180 Mamteli
400 3123 544 3194 praefecto
565 3124 751 3179 commendat:
774 3137 802 3178 et
818 3122 929 3176 tandem
947 3123 1105 3174 Manualem
1123 3123 1154 3172 in
1173 3139 1202 3174 se
1222 3139 1241 3172 a

157 3194 403 3248 calumniatoribus
419 3195 561 3246 irritatum
577 3197 673 3266 placat
691 3195 756 3266 ((9).
794 3195 927 3246 Callistus
939 3191 1103 3262 patriarcba
1119 3190 1158 3243 ad
1171 3192 1242 3245 Cra·

158 3263 258 3318 bem
337 3275 401 3345 attis
428 3266 605 3325 imperatoris
630 3281 691 3318 cum
719 3265 803 3318 sociis
829 3261 929 3316 ibidem
966 3261 1032 3314 obit.
1051 3332 1057 3344 .
1076 3263 1146 3313 Eius
1176 3265 1241 3314 cor·'

155 3350 322 3460 fidilis
340 3333 626 3474 .5.⁰.⁶..lfl5.ttl.‘
644 3328 1155 3472 35.ῗῖιῶἰὲΖόἷὲῗῑ.ἵῦἒὲἷ·ἳὲ’ξὶ’.
1170 3335 1240 3472 (ἒξ)

152 3475 259 3528 Notata
274 3475 413 3546 imprimis
430 3471 517 3542 diana
535 3477 566 3528 in
584 3477 636 3529 ltoe
653 3490 774 3530 extremo
791 3474 865 3528 libro
880 3485 963 3526 sunt.-
987 3471 1112 3526 Secunda
1137 3472 1241 3525 Canta-

149 3549 251 3600 cuseni
273 3546 424 3600 coronatio
445 3543 690 3614 Constantinopoli
696 3565 707 3614 ,·
720 3548 804 3630 prior
820 3547 893 3599 euim
909 3542 1097 3613 Adrianopoli
1112 3544 1240 3613 contigit.

149 3617 256 3688 Teupli
280 3613 407 3688 Sophiae
432 3613 511 3676 laus,
536 3616 685 3686 collapsio,
714 3617 893 3670 instauratio.
926 3615 1047 3682 Nuptiae
1065 3613 1241 3682 imperatoris

145 3687 317 3756 Palaeologi
340 3703 401 3738 cum
426 3685 546 3750 Helena,
571 3686 761 3741 Camacuseni
770 3687 849 3759 filio.
890 3685 1011 3736 Litterae
1034 3695 1062 3735 et
1085 3683 1240 3750 legationes

144 3758 224 3812 inter
245 3759 413 3810 ctmsnan
430 3755 475 3806 ut.
529 3757 652 3827 ntificess
670 3770 698 3812 et
719 3756 943 3810 Cantacusenum
960 3771 1042 3823 super
1053 3751 1179 3805 barbaris
1191 3769 1240 3821 op·

140 3826 309 3897 pagsnndis
326 3838 354 3881 et
373 3841 478 3878 concor
498 3828 527 3878 ia
545 3827 734 3882 ecclesiarum,
771 3826 877 3881 Bellum
890 3825 996 3876 nauale
1012 3839 1072 3875 cum
1088 3823 1239 3874 Galatoeis.

145 3899 232 3952 Clius
259 3898 357 3951 insula
385 3912 404 3947 a
429 3895 618 3950 Ganuensibus
646 3909 766 3968 recepta.
812 3896 863 3949 fles
879 3907 971 3958 gestae
990 3895 1020 3944 in
1042 3893 1240 3961 Peloponneso.

141 3968 264 4038 legatio
286 3967 481 4020 Cantacuseni
503 3964 543 4018 ad
562 3967 708 4022 sultanum
730 3966 846 4038 Aegypti
870 3976 898 4017 et
919 3965 977 4017 eius
1003 3963 1152 4030 responsio.
1187 3961 1241 4014 Ilct

142 4037 424 4094 mutassemus.
461 4034 565 4088 Contra
581 4037 758 4091 Barlaamum
777 4049 805 4090 et
827 4031 1000 4102 Acindynum
1023 4029 1152 4098 synodus.
1187 4032 1243 4082 lli·

142 4107 263 4178 ceplsori
283 4109 429 4172 cresone
443 4107 602 4160 insectatio.
638 4108 720 4162 inter
741 4123 864 4162 socerum
882 4117 910 4156 et
927 4121 1056 4171 generum
1068 4100 1243 4171 repullulons

141 4178 259 4242 badim,
275 4175 434 4250 prudentia
450 4190 477 4230 tt
496 4178 664 4231 auctoritate
683 4175 988 4248 imperatricimtnnas
1010 4187 1169 4242 repressum.
1206 4173 1241 4224 ln

143 4249 304 4308 &talamos
317 4247 485 4304 πίθηκοι
497 4259 525 4304 tt
544 4263 643 4318 aegros
660 4249 857 4320 Byzantiantm
876 4242 979 4299 cittium
992 4240 1145 4298 laudabilis
1164 4241 1241 4294 cari·
