2854 4936
332 259 419 352 368
710 287 1021 356 monstrosas

328 446 455 523 mmm,
475 439 553 506 nibil
572 449 643 504 sont
664 439 759 517 aliod,
780 463 873 526 quam
893 443 992 506 coiere
1011 443 1239 509 moctimoniem
1261 453 1288 508 et
1316 451 1381 509 omri

329 530 444 590 sinere
464 525 618 593 excellere.
640 523 817 588 Aristoteles
837 529 913 588 item
935 525 965 593 5.
994 528 1219 606 Νικομαχεὴον
1238 529 1382 590 lllodTbr·

328 611 448 692 ognidis
468 612 500 670 ia
521 609 719 691 proverbium
740 610 848 672 abiisse
867 612 928 672 aits
961 607 1008 673 Ἐν
1030 607 1066 672 δὲ
1086 606 1269 694 δικαιοσύνη
1291 611 1381 694 nolli

327 695 408 776 βδην
427 692 504 756 πᾶσ’
522 687 618 774 ἀρετή
639 691 727 756 'orsu
749 713 877 758 rosrarr.
1120 739 1122 742 -
1249 673 1257 696 ⁸
1423 657 1424 740 l

409 775 487 858 Peg.
507 774 541 853 8,
569 773 614 854 ι4,
654 771 693 838 rol
713 769 779 854 od,
806 775 889 858 quod
917 773 1062 838 nimirum
1093 774 1134 838 ud
1155 775 1184 838 3.
1213 786 1244 839 et
1264 775 1291 856 4,
1313 777 1383 840 libros

326 859 447 936 attinet,
469 877 607 942 quaeque
627 869 659 922 et
679 877 770 941 supra
789 859 946 932 intellexit,
969 857 1030 920 illis
1050 859 1170 932 verbis,
1206 879 1330 946 quaeqae
1345 883 1383 924 so

324 957 389 1004 stro
417 964 492 1003 oeno
516 944 708 1024 contigerunt.
751 944 838 1022 Quae
867 941 1053 1017 enimdibro
1080 942 1214 1004 smundo
1237 956 1384 1020 narrantur,

325 1029 384 1088 etsi
404 1027 468 1087 eius
489 1047 536 1088 res
555 1037 626 1088 sunt
645 1027 865 1108 propemodum
885 1029 1011 1104 omnes,
1032 1037 1134 1088 tamen
1157 1047 1220 1086 non
1234 1029 1322 1088 mmm
1339 1031 1384 1088 eius

323 1111 460 1180 nomine,
484 1109 740 1190 quemadmodum
754 1112 898 1192 reliquae,
914 1119 1049 1191 patratae
1062 1119 1142 1175 suut.
1164 1110 1297 1188 Omitto,
1309 1109 1384 1170 multa

239 1205 245 1218 '
322 1197 436 1275 exponi
456 1195 548 1254 etiam
568 1197 600 1252 in
622 1195 720 1274 pruno
748 1214 767 1254 a
788 1195 998 1254 Cantacuaeno
1018 1204 1101 1276 gesta
1120 1193 1302 1276 magnifice,
1325 1197 1386 1275 sapi·

323 1288 426 1354 enter,
445 1275 563 1337 fortiter
581 1296 617 1337 ac
640 1271 775 1354 feliciter,
796 1288 832 1338 ut
854 1283 949 1359 paene
971 1279 1116 1338 maiorem
1133 1287 1254 1358 portem
1278 1278 1337 1338 eins
1354 1299 1387 1337 so·

326 1359 399 1442 lius,
420 1379 512 1434 quam
536 1358 703 1420 Anhnnici
718 1360 844 1422 iunioris
863 1360 990 1421 historia
1009 1361 1124 1424 censeri
1142 1361 1247 1442 possit.
1279 1381 1385 1422 rosrsr.

320 1489 325 1498 .
409 1441 485 1524 Peg.
506 1441 539 1520 8,
568 1461 615 1525 17.
635 1442 702 1514 ,ad
729 1457 968 1518 extraneos,
1007 1445 1095 1504 sive
1124 1443 1179 1504 od
1207 1457 1386 1505 nostrates·

327 1525 390 1604 Qui
409 1525 450 1587 de'
471 1524 561 1586 rebus
581 1525 643 1586 suis
655 1527 775 1608 ipsimet
795 1525 953 1588 historiam
973 1537 1205 1602 contexuerunt,
1226 1547 1282 1588 seu
1300 1527 1386 1587 esoci-

326 1619 375 1670 tus
396 1608 545 1686 duxerint,
566 1629 619 1670 seu
640 1630 702 1670 non
723 1609 874 1688 duxerint,
894 1608 1023 1692 proferri
1041 1621 1181 1692 possunt,
1202 1608 1385 1670 alienisveo

324 1691 403 1770 Deo,
417 1691 598 1774 Xenophon,
623 1691 719 1754 lulius
742 1694 861 1758 Caesar.
883 1693 1044 1766 Adrianus,
1069 1703 1105 1754 ut
1127 1715 1147 1756 a
1166 1693 1326 1774 Spartiano
1342 1704 1386 1752 tra·

324 1775 425 1838 ditum
444 1787 490 1840 est
502 1819 513 1854 ,
541 1785 605 1836 tarn
632 1775 761 1858 cupidus
782 1776 840 1837 suit
863 1775 961 1837 famae
980 1775 1127 1855 debus,
1157 1787 1194 1838 ut
1218 1776 1312 1838 libem
1327 1778 1386 1836 riba

215 1865 223 1888 '
324 1879 406 1921 snae-
416 1879 437 1920 a
455 1880 488 1922 se
502 1859 628 1942 scriptos
648 1859 765 1921 libertis
784 1862 848 1922 suis
865 1859 1004 1922 litteratis
1023 1859 1152 1933 dederit,
1175 1860 1294 1932 iubens,
1305 1870 1336 1920 ut
1349 1877 1385 1919 eoa

324 1941 499 2004 nominibus
522 1945 585 2006 suis
604 1942 804 2026 publicarent.
845 1942 996 2005 Arrianus
1018 1944 1051 2004 in
1078 1942 1205 2026 Periplo
1231 1943 1316 2004 rubri
1338 1963 1386 2000 na·

325 2028 381 2086 ris.
421 2025 521 2088 Multa
543 2023 582 2088 de
605 2047 638 2088 se
653 2025 757 2089 ludaei
777 2026 850 2104 duo,
874 2025 1018 2109 losephus
1038 2027 1069 2088 in
1091 2024 1178 2090 libris
1198 2026 1238 2088 de
1257 2025 1331 2088 bello
1347 2025 1386 2084 ln·

324 2107 414 2170 daico
446 2117 479 2170 et
508 2105 589 2170 lib'ro
609 2109 649 2171 de
675 2112 740 2172 vita
758 2130 837 2186 sua,
867 2107 962 2172 Philo
992 2109 1032 2171 de
1060 2108 1210 2192 legatione
1230 2109 1271 2171 ad
1291 2110 1384 2170 Caian.

325 2189 427 2252 immo
447 2201 478 2253 et
498 2193 699 2274 antiquissimi
719 2192 764 2254 iili
783 2195 882 2255 Moses
903 2203 934 2255 et
954 2193 1053 2266 iosue,
1077 2193 1285 2256 israelitarum
1303 2193 1384 2253 bes.

326 2273 413 2336 Inter
433 2273 620 2339 Christianos
636 2275 726 2340 divus
741 2277 927 2359 Augustinus
947 2278 980 2336 in
1001 2275 1088 2338 libris
1108 2277 1324 2339 confessionum
1339 2293 1384 2334 aon

327 2377 424 2504 m
436 2355 738 2524 diloripllsilllelllloitlh:
755 2361 857 2506 tliahlell¹
875 2358 1097 2524 nliavilgllillonlelsl·
1108 2368 1384 2506 ehlllspehlmhelllmih

327 2524 433 2604 lodis,
465 2525 591 2606 quidam
611 2529 866 2611 peregrinationes
888 2547 974 2592 enas..
1002 2524 1059 2586 Est
1078 2537 1181 2588 autern
1201 2546 1297 2610 prope
1313 2524 1383 2598 iden,

326 2627 397 2670 oum
429 2605 484 2669 filii
513 2620 673 2692 parentum
703 2629 753 2673 res
782 2620 814 2670 et
843 2609 920 2670 fecta
945 2608 1161 2672 conscribunt:
1238 2609 1278 2672 od
1304 2608 1380 2676 Anna,

324 2691 595 2768 AleriiComneni,
618 2693 808 2774 imperatoris
826 2691 1163 2774 constantinopolitani,
1192 2631 1270 2772 lilia,
1293 2689 1383 2752 erudite

325 2785 358 2836 et
377 2773 530 2858 eleganter
548 2779 707 2858 praestitit.
748 2778 836 2855 Quae
854 2774 979 2838 historia
1001 2776 1139 2838 nondum
1167 2788 1227 2855 est,
1248 2773 1325 2859 qnod
1339 2774 1380 2833 sci·

325 2879 389 2937 am,
411 2859 520 2921 Latine
540 2859 629 2936 edita.
672 2857 813 2939 Quadrat
832 2859 893 2920 huc
921 2857 1008 2921 locus
1034 2859 1078 2925 M.
1106 2856 1203 2922 Tullii
1226 2881 1263 2922 ex
1284 2855 1380 2940 epistola

325 2940 366 3004 ad
379 2941 542 3006 Lucceium
562 2941 642 3004 libro
658 2944 785 3026 quintos
808 2941 909 3024 Cogor·
921 2942 1060 3023 ⁸foster-sse
1076 2943 1208 3024 facere,
1325 2959 1379 3000 sos

319 3027 404 3088 nulli
413 3047 501 3112 saepe
512 3027 739 3111 reprehendunt.
779 3023 915 3087 Scrr’hnm
933 3027 996 3110 ipse
1017 3024 1056 3086 de
1077 3045 1144 3101 me,
1348 3033 1379 3082 ta·

324 3129 392 3172 men
409 3109 551 3195 eccepto
577 3123 607 3172 et
626 3109 779 3172 dammas
798 3109 942 3174 amnon.
983 3107 1062 3184 Sed,
1079 3107 1162 3193 quod
1182 3123 1212 3171 te
1234 3129 1294 3171 aas
1304 3105 1376 3186 fissit

321 3189 397 3254 hoec
414 3205 482 3256 saort
499 3195 532 3256 sis
549 3191 890 3274 longenereoitioset
909 3188 1376 3277 utoeracuadussipss'desesoi·

294 3274 524 3338 'hnatoeoesse
542 3289 596 3352 est,
616 3273 783 3362 siqndlest
798 3274 1002 3350 laudm,
1022 3287 1273 3358 etproeteoensat,
1294 3265 1379 3356 siquid

310 3357 401 3438 fhrte
422 3358 693 3444 reprehendendus
713 3371 767 3421 est.
809 3357 846 3420 ln
874 3379 966 3441 quens
993 3355 1094 3420 locum
1126 3361 1266 3421 nominat
1290 3352 1377 3419 Paulo

320 3441 480 3506 Manutius
502 3461 538 3504 ex
557 3441 724 3504 Plutarcho
744 3442 781 3507 L.
796 3439 923 3518 Sullam,
944 3441 997 3525 qui
1007 3444 1297 3504 commentariorum
1311 3437 1376 3500 libro

322 3525 431 3606 viginti
464 3523 543 3588 duos
575 3523 615 3587 de
637 3525 824 3608 rebusuuis
853 3527 1035 3609 composuit.
1082 3526 1161 3587 item
1179 3527 1225 3588 M.
1244 3525 1375 3592 Sauram,

320 3607 490 3691 principem
508 3607 596 3670 illum
616 3619 755 3686 scamus,
775 3609 828 3690 qui
847 3620 911 3671 tres
930 3608 1025 3684 libros
1042 3606 1084 3672 de
1103 3609 1168 3670 vita
1196 3629 1251 3671 sne
1279 3601 1376 3690 perso't

320 3692 392 3774 psit,
415 3711 493 3777 quos
515 3701 664 3754 memorat
685 3691 791 3753 Cicero
812 3692 844 3752 in
873 3693 967 3755 Bruto
989 3703 1020 3754 et
1039 3693 1165 3757 Tacitus
1184 3691 1218 3753 in
1237 3693 1299 3752 vita
1311 3683 1375 3768 agn

320 3771 414 3854 colae,
435 3774 532 3838 soceri
555 3776 612 3837 sui.
631 3775 735 3837 Etiam
755 3775 792 3840 P.
803 3773 946 3854 Rutilius,
968 3773 1094 3838 forsitan
1113 3774 1313 3838 aemulatione
1327 3787 1375 3853 po

317 3869 431 3934 motus,
452 3859 547 3922 vitam
565 3878 652 3920 auam
671 3857 779 3920 litteris
798 3857 967 3922 mandavit.
988 3878 1118 3926 ronnas.

400 3939 783 4026 Pag.8‚21.Morales
802 3944 1082 4007 commentarii.
1102 3941 1246 4004 Fortasse
1260 3934 1374 4015 ensal·

316 4024 372 4102 eit,
394 4026 478 4108 quod
497 4025 723 4086 Canmcuzenus
736 4036 855 4107 praeter
868 4025 936 4087 illas
949 4025 1101 4108 apologias
1118 4023 1328 4088 Christianismi
1337 4015 1374 4076 sd-

318 4127 424 4169 versus
445 4109 677 4172 Mahometaaos
698 4117 729 4168 et
749 4107 889 4184 ludaeos,
910 4129 986 4190 quas
1011 4107 1177 4188 babemus,
1205 4109 1291 4172 etiam
1308 4117 1375 4186 para·

317 4186 443 4271 phrases
462 4191 495 4253 ia
517 4189 633 4275 ahquot
662 4187 832 4256 Aristotelis
860 4189 955 4256 libros
983 4191 1166 4257 Ethieorum
1193 4185 1375 4274 consuipn'st
