2944 4934
311 335 367 402 su
399 335 677 402 muricuzmr
707 339 784 404 um.
817 343 872 404 ur.
1049 311 1131 429 517

54 491 180 574 spousb.
220 487 382 556 Dobnnmr
405 501 505 556 autem
533 489 709 575 plerumque
729 491 852 554 annuli:
875 503 910 558 et
929 491 1039 556 dicitur
1059 516 1132 574 pro-

52 575 155 638 nubus
174 574 322 648 annulus,
354 596 416 658 quo
442 578 489 635 vir
516 597 656 656 sponsam
684 597 736 638 seu
763 592 886 642 uxorem
917 578 974 640 sibi
998 579 1131 640 futurum

53 657 790 824 titiu‘t‘htt‘llltl,illini
810 659 1134 806 limittit

53 826 156 885 victus
175 826 388 906 parsimoniam
412 825 599 910 frugalesque
620 847 718 888 mores
740 826 908 907 designans.
947 828 1045 888 Testis
1070 769 1135 888 lili-

49 909 125 968 nius
145 907 198 974 lib.
220 909 270 969 33.
289 928 354 990 cap.
378 929 404 974 1.
445 908 551 972 Fuisse
570 907 732 992 aliquando
752 930 897 983 aureum,
929 910 1033 972 scribit
1055 911 1133 972 Ter-

49 989 201 1052 tullianus
219 991 252 1051 in
271 991 428 1074 Apologet.
452 1013 515 1074 cap.
538 993 570 1056 6.
595 993 642 1056 his
662 993 783 1054 verbiss
815 992 932 1054 Annam
954 993 993 1054 de
1019 1008 1132 1055 matro-

47 1076 99 1134 m's
110 1076 196 1136 nulla
214 1089 310 1150 norat,
331 1089 453 1160 praeter
471 1079 555 1137 unr'co
570 1075 674 1158 digito,
695 1096 785 1162 quem
804 1097 924 1161 sporum
939 1078 1134 1162 oppignerass-

46 1170 94 1218 ret
122 1159 259 1239 pronubo
283 1160 403 1222 armulo.
444 1161 558 1226 Verum
578 1161 636 1221 ista
660 1155 808 1238 ἑγκόλπισ
837 1159 928 1220 fuisse
964 1179 1055 1220 aurea
1082 1169 1137 1221 aut

48 1251 195 1322 argentea
226 1251 257 1300 et
277 1244 425 1320 inaurata,
447 1264 508 1304 nou
529 1253 574 1304 est
595 1244 741 1304 dubium:
773 1245 838 1304 sive
857 1242 1042 1316 cruciculae,
1071 1244 1134 1304 sive

48 1343 192 1405 gemmae
219 1344 294 1386 auro
322 1337 484 1408 argentove
512 1325 662 1405 inclusae,
691 1328 755 1388 sire
782 1325 855 1408 quid
886 1322 968 1388 aliud
999 1326 1133 1388 fuerint:

46 1427 125 1472 saue
146 1421 256 1468 munus
279 1409 375 1492 magis
396 1412 601 1492 conspicuum,
624 1431 716 1493 quam
739 1409 879 1474 annulus.
898 1429 1030 1474 eonrsn.

136 1491 218 1572 Pag.
234 1490 304 1570 116,
319 1511 350 1575 9.
374 1493 414 1554 in
429 1494 702 1555 calliditate.
744 1485 870 1564 σύνεσις
889 1503 934 1553 est
954 1495 987 1553 iu
1008 1494 1137 1572 Graeco,

48 1595 147 1656 quam
171 1573 223 1636 hic
245 1595 306 1638 nou
327 1575 534 1657 pnrdentinrn,
556 1577 609 1638 sed
632 1577 830 1638 calliditatem
850 1587 880 1638 et
893 1589 987 1636 astum
1009 1576 1137 1636 reddere

46 1667 186 1740 oportet,
207 1662 353 1720 sententis
377 1661 418 1721 ita
440 1663 621 1742 requirente.
654 1659 731 1722 Nam
751 1659 911 1742 prudentia
930 1680 992 1732 non
1015 1659 1137 1741 decipit,

46 1761 110 1802 neo
134 1740 282 1804 machinis
302 1744 410 1804 utitur.
445 1742 601 1806 calliditas
624 1754 725 1804 autem
745 1745 809 1803 sive
829 1753 910 1804 astus
943 1742 1136 1824 prudentiam

45 1845 116 1886 non
137 1845 237 1903 secus,
258 1843 351 1907 quam
372 1825 431 1887 alia
451 1829 525 1888 ritis
546 1825 620 1888 alias
640 1828 778 1904 virtutes,
801 1827 949 1888 imitatur.
972 1845 1103 1889 rorrsr.

137 1907 222 1990 Pag.
242 1911 309 1984 118,
330 1909 379 1971 15.
401 1909 465 1970 ubi
479 1923 669 1971 terrarum
692 1910 831 1988 agatis.
872 1909 937 1970 Aut
960 1907 1136 1970 inexilium

44 1992 298 2068 remotissimum,
321 2013 339 2054 a
359 2013 470 2076 magno
489 1992 652 2054 domestico
672 1994 806 2070 missum,
828 2001 882 2054 aut
912 1993 943 2052 in
963 1990 1141 2052 obscurissi-

45 2096 140 2136 mum
163 2073 491 2157 profundissimumque
515 2097 690 2153 carcerem,
734 2073 802 2136 loco
821 2077 924 2156 ignoto
944 2085 1140 2136 eoscontru-

42 2179 121 2222 sum
144 2159 181 2217 iri
202 2159 351 2220 insinuate
371 2170 479 2220 neutro
502 2160 583 2220 euim
606 2160 697 2238 modo
716 2159 821 2234 scient,
843 2158 896 2219 ubi
916 2159 987 2220 sint.
1007 2177 1140 2220 ronrsn.

135 2239 218 2322 fag.
237 2260 302 2318 rao,
313 2263 346 2326 9.
371 2236 534 2321 ἐγκόλπιον
554 2243 615 2303 τῶν
629 2237 733 2321 ἱερῶν.
770 2239 903 2320 bullam,
928 2243 959 2302 in
981 2261 1071 2324 quam
1091 2262 1139 2301 sa-

40 2346 123 2386 crae
145 2323 278 2386 inclusae
299 2335 370 2386 suot
391 2323 546 2407 reliquiae,
569 2323 695 2408 intelligi
717 2345 803 2407 posse
822 2327 942 2407 opinor.
976 2323 1060 2384 lnira
1082 2323 1139 2386 do-

42 2419 109 2470 nat
129 2406 212 2469 bulla
235 2407 439 2490 Apocaucbus
458 2411 548 2470 etiam
569 2408 711 2470 Artotum
731 2410 880 2490 Zampeae
900 2406 1008 2468 lilium.
1028 2409 1141 2487 Aptius

39 2502 156 2555 autern
179 2490 228 2552 hic
247 2492 377 2552 verbum
400 2493 551 2554 Graecum
571 2513 645 2554 voce
669 2493 725 2551 hac
745 2493 846 2568 bulla,
877 2511 969 2572 quam
990 2489 1140 2550 vocabulo

42 2573 177 2638 merrith
197 2576 395 2655 exprimitur,
425 2577 540 2636 etiarnsi
561 2577 683 2656 proprie
704 2573 787 2634 bulla
812 2573 935 2634 fortasse
955 2593 1017 2632 non
1040 2572 1142 2632 suerit.

41 2660 158 2722 Porro
177 2657 324 2734 Romani,
356 2657 440 2740 quod
460 2679 498 2720 ex·
521 2658 685 2719 Plutarcho
718 2668 748 2718 et
769 2655 927 2716 Macrobio
956 2665 986 2716 et
1011 2653 1144 2716 Asconio

39 2745 80 2804 in
111 2741 140 2802 5.
162 2741 282 2804 Verrin.
304 2739 474 2803 Alexander
507 2740 721 2822 Neapolitanus
744 2739 885 2800 observat
917 2736 997 2799 libro
1020 2757 1051 2802 a.
1070 2759 1139 2820 cap.

37 2823 203 2900 25·,oum
223 2843 299 2907 puer
320 2819 445 2906 paulurn
467 2834 564 2884 aetate
584 2826 785 2906 processisset,
805 2831 957 2904 praetexta
977 2819 1066 2882 illum
1084 2821 1141 2884 do·

34 2907 172 2972 nabent
191 2917 222 2968 et
239 2906 331 2973 bulla.
372 2905 419 2968 Ea
439 2916 505 2968 erat
525 2927 629 2982 aurea,
652 2908 768 2988 insigne
798 2902 986 2981 nobilitatis,
1013 2903 1143 2986 liguram

37 2989 159 3058 cordis
179 2989 307 3070 habeus,
325 3001 361 3052 ut
380 2993 543 3074 signarent,
566 3011 633 3050 eam
652 2999 781 3051 oetatem
801 2986 926 3048 alterius
947 2985 1073 3049 consilio
1092 3007 1143 3046 re·

35 3072 197 3162 gendum.
238 3075 302 3136 Hac
324 3075 452 3136 Romani
473 3075 559 3156 pueri
577 3073 701 3134 honeste
721 3072 857 3170 genitinet
876 3069 1040 3168 liberaliter
1066 3068 1143 3129 edu-

33 3157 479 3324 nltrtf‘ththllll
494 3151 1144 3318 utmuffltttllltttiliss‘ttt

33 3327 119 3390 lem
147 3321 289 3386 habuisse
309 3324 478 3408 Eriphylen
508 3323 629 3385 fabulae
655 3323 766 3384 ferunt.
807 3321 854 3382 Ex
879 3341 915 3381 eo
944 3323 1035 3382 etiam
1057 3320 1142 3402 equis

30 3407 264 3496 praependens
292 3427 310 3468 a
340 3407 419 3470 collo
448 3415 689 3483 ornamentum,
729 3403 844 3468 monile
871 3401 1050 3487 appellatur.
1090 3403 1142 3464 Sic

33 3500 180 3562 Festus.
201 3489 401 3558 Hahzbandt.
422 3510 554 3558 rorrar.

143 3573 220 3656 Peg.
240 3574 358 3658 rim.
389 3573 583 3660 quosdam
614 3585 777 3656 egentes.
816 3570 908 3634 Subit
927 3572 1030 3633 animo
1053 3588 1143 3652 pree-

37 3659 181 3726 clarum
201 3654 279 3718 illud
298 3667 329 3719 et
354 3656 426 3720 huic
446 3655 543 3720 simile
556 3657 705 3720 Catilinae
723 3652 912 3738 satellitium,
933 3654 972 3717 de
993 3673 1055 3736 quo
1075 3649 1144 3713 Sel-

36 3743 173 3812 lustius
191 3761 259 3822 cep.
282 3740 329 3816 14.
352 3761 483 3804 amrin.

146 3821 223 3906 fag.
244 3821 357 3900 158,6.
378 3819 496 3886 nullon
519 3811 734 3898 taurinis-nc,
768 3823 925 3908 pomulam
943 3831 1074 3882 mantes
1105 3813 1146 3876 ad

34 3909 204 3980 verbum.
245 3905 407 3987 Euripides
434 3904 630 3980 Phoenissis,
658 3895 675 3963 ti
702 3902 760 3984 τὴν
784 3905 819 3968 ἐν
834 3895 976 3983 ’ἄστροις
1008 3895 1148 3980 οὐρανοῦ

28 3995 184 4072 ςὲμνων
202 3983 288 4052 iliu.
310 3989 491 4072 Posidippus
510 3991 541 4048 in
561 3989 755 4070 epigramm:
777 3987 869 4067 ποίην
884 4003 932 4057 τις
952 3979 1072 4060 βιότοιο
1090 3973 1147 4041 rci-

32 4097 119 4162 μοι
140 4072 258 4154 τρίβον.
280 4072 392 4154 Virgil.
413 4072 445 4135 6.
468 4071 617 4136 Aeneide
640 4070 696 4132 ille
716 4073 801 4131 viam
816 4067 952 4130 secatad
964 4087 1065 4126 naves.
1103 4064 1146 4124 Et

29 4163 118 4230 lib·
144 4175 217 4219 rm:
242 4155 295 4218 Sic
323 4157 447 4236 litmo,
467 4173 647 4252 quacunque
670 4155 757 4216 vrum
778 4165 871 4229 secut,
889 4153 1012 4234 agmina
1028 4147 1144 4214 cedrini.

29 4244 150 4314 Dixit
169 4252 200 4304 et
221 4237 352 4302 mmdere
365 4240 452 4303 mam
473 4235 554 4302 idem
576 4239 676 4302 illato.
695 4257 824 4300 ronan.
