2944 4934
327 317 383 384 Au
416 317 691 386 cauriensem
727 323 800 386 nin.
820 327 875 388 111.
1052 295 1133 412 537
1158 309 1172 372 ’.

74 473 178 557 guentii
198 475 319 560 triginta
338 497 388 538 sex
420 470 553 536 millibus
587 473 693 557 viginti
717 484 849 558 qrsatuor
870 473 965 538 millia
984 481 1135 562 peciisse.'¹

74 577 196 620 curras.
579 579 585 594 ’

148 643 225 724 Peg.
241 642 313 718 543,
334 661 359 703 r.
379 654 492 702 mente
512 643 659 724 privat.
700 639 791 723 Apud
812 649 937 715 veteres,
957 646 1139 728 utquisque
1164 633 1168 642 ⁴

72 723 150 786 Deus
167 728 274 808 cuique
301 725 420 786 homini
453 725 529 786 bene
561 736 614 786 ant
642 721 720 785 male
743 721 912 786 consultum
933 739 1074 808 cuperet,
1096 733 1141 791 ita

71 808 97 868 ei
118 806 228 869 bonum
257 820 310 869 aut
338 808 451 870 malum
469 805 626 869 consilium
647 808 718 868 dare
738 808 921 889 putabatur,
952 809 1139 891 profuturas-

70 901 195 972 queant
213 895 362 954 nocituras
383 892 558 974 cupiditates
578 893 610 952 in
631 893 694 952 eius
716 895 850 952 animum
871 893 1040 958 immittere.
1091 896 1138 958 Ex

69 995 129 1055 qua
146 975 285 1056 opinione
301 987 346 1037 est
367 972 442 1036 illud
463 977 583 1037 Aeneae
605 975 686 1056 apud
695 975 856 1038 Maronem
866 975 1052 1042 adeueids
1075 977 1140 1040 Hic
1219 993 1221 998 ’

67 1059 145 1118 aridi
162 1059 354 1145 nescioquod
373 1059 488 1143 trepido
510 1059 592 1120 male
620 1081 727 1119 nomen
746 1063 873 1138 omrmm
895 1062 1051 1139 corfinum
1077 1064 1140 1124 eri-

63 1141 132 1224 puit
151 1155 282 1214 mentem.
323 1143 365 1204 Et
391 1141 543 1203 Ciceronis
570 1161 625 1222 pro
641 1140 777 1203 Milone:
801 1143 864 1202 Hic
881 1143 929 1202 dii
942 1147 1137 1220 immortales,

66 1237 203 1309 utsupra
223 1225 314 1298 deici,
347 1239 473 1286 mentem
499 1223 643 1285 dederuut
665 1226 713 1286 itti
763 1227 857 1287 erdito
884 1231 923 1287 ao
940 1230 1082 1307 sirrioso,
1108 1241 1142 1289 ut

64 1307 133 1366 braic
144 1309 270 1389 faceret
293 1309 428 1370 dimidios.
470 1307 534 1370 Nos
557 1307 719 1368 Christiani
739 1247 875 1370 domines
902 1310 1061 1372 sceleratos
1081 1310 1137 1372 ali-

63 1390 185 1471 quando
212 1395 362 1454 meaecari
386 1413 404 1452 a
425 1391 490 1452 Deo
524 1399 553 1452 et
585 1391 664 1452 bona
686 1403 785 1452 mente
811 1391 994 1475 consilioque
1015 1394 1138 1476 spoliari

65 1472 242 1554 eredimus,
274 1485 310 1536 ut
329 1474 368 1536 ad
388 1495 516 1558 poenm,
540 1495 615 1556 quas
634 1486 834 1554 meruerunt,
859 1475 1019 1538 deveniant
1040 1488 1070 1539 et
1089 1499 1141 1540 eas

59 1577 239 1638 praecavere
255 1578 315 1620 non
329 1561 457 1644 possint.
499 1560 535 1620 ln
547 1575 608 1642 quo
626 1579 658 1620 ae
669 1559 772 1622 divina
788 1559 909 1622 tandem
923 1563 1035 1623 iustitia
1054 1581 1139 1626 exsc-

60 1641 115 1705 rit.
136 1661 263 1704 ronnas.

143 1725 220 1806 Peg.
234 1723 304 1806 544,
320 1729 364 1791 13.
384 1726 525 1791 videre
554 1725 674 1806 tuber,
699 1747 745 1788 rte
777 1727 876 1813 qnid
903 1725 1052 1811 respub.
1078 1725 1140 1788 de·

58 1807 254 1869 trimestri
282 1813 437 1895 capiat.
478 1811 527 1872 Sic
552 1809 666 1889 reddo,
685 1807 768 1893 qnod
788 1812 831 1871 ait
851 1811 998 1886 Graecus,
1020 1811 1139 1872 iussisse

57 1893 280 1971 imperatricem
311 1895 457 1955 isaacium
484 1893 618 1955 Asanam
649 1895 754 1955 πᾶσαν
788 1887 937 1972 πρόνοιαν
963 1893 1136 1954 ποιεῖσθαι.

58 1974 145 2050 Quid
165 1985 267 2038 antem
287 1979 326 2038 sit
346 1988 376 2038 ct
395 1977 518 2061 quando
542 1977 712 2055 iuberetur,
746 1975 823 2039 bene
850 1977 963 2041 indicat
980 1975 1139 2038 Sallustius

55 2056 94 2116 in
114 2055 193 2120 bello
213 2059 392 2123 Catilinario
410 2082 476 2143 cap.
495 2079 546 2143 29.
569 2079 697 2127 ronnas.

144 2142 173 2202 P
212 2141 371 2219 ,550,ar.
404 2163 596 2229 syncope.
648 2143 695 2204 Ex
723 2143 857 2204 Gorraeo
884 2140 995 2204 illustri
1022 2142 1139 2204 medico

52 2223 137 2286 haec
156 2237 247 2287 reert
274 2227 442 2310 Stephanus
476 2229 507 2288 in
536 2228 704 2289 thesauro:
747 2226 888 2311 Syncope
920 2238 965 2288 est
998 2247 1139 2309 praeceps

53 2307 195 2370 omnium
215 2311 326 2372 virium
347 2309 457 2393 lapsus,
477 2321 512 2371 ut
534 2311 667 2373 Galenus
686 2321 757 2372 ante
778 2331 811 2372 se
830 2332 848 2371 a
869 2309 1020 2374 vetenbns
1041 2310 1139 2370 medi·

47 2393 99 2454 'cis
122 2391 277 2454 delinitum
296 2403 362 2456 esse
381 2394 524 2476 prodidit.
562 2395 646 2478 Ergo
678 2415 747 2456 curn
767 2397 893 2456 ementis
910 2397 1045 2472 virium,
1067 2395 1138 2476 qui-

51 2477 115 2536 bus
138 2479 250 2558 regitur
269 2498 391 2560 corpus,
413 2489 480 2540 turn
501 2481 535 2539 in
554 2481 674 2563 spiritu,
696 2486 763 2539 tum
783 2480 817 2538 in
838 2477 1003 2538 solidorum
1030 2497 1139 2558 corpo-

51 2579 129 2620 rum
150 2570 386 2644 temperamento
414 2563 585 2640 consistat,
613 2563 714 2642 palam
747 2571 814 2632 est,
845 2559 922 2620 nihil
954 2560 1065 2619 horum
1083 2579 1138 2640 per

47 2661 208 2726 syncopen
230 2665 349 2706 manere
369 2647 540 2725 integrum,
572 2645 625 2704 sed
645 2653 755 2704 cuncta
782 2641 890 2704 collabi
910 2663 946 2704 ac
979 2642 1161 2724 dissipari„

49 2747 128 2786 cum
154 2727 262 2808 spiritu
288 2727 411 2810 quidem
434 2727 565 2787 calorem
596 2729 761 2803 nativum,
793 2728 836 2786 iu
856 2744 926 2786 cnm
953 2745 989 2786 eo
1010 2725 1137 2786 mixtum

47 2821 150 2892 atque
170 2811 349 2889 confinem,
377 2821 412 2870 ut
442 2831 599 2892 nunquam
627 2811 666 2870 ab
693 2809 820 2871 invicem
842 2809 974 2891 separari
1003 2808 1137 2890 possint,

45 2913 128 2954 oum
150 2892 316 2955 solidorum
352 2904 453 2954 autem
483 2913 646 2976 corporum
677 2905 933 2974 temperamento,
970 2901 1036 2952 tum
1068 2913 1139 2953 eum

47 2979 160 3060 ipsum
180 2976 310 3038 calorem
335 2975 491 3060 singulisa
514 2988 624 3037 namra
644 2977 781 3058 partibus
794 2977 930 3053 insitum,
946 2986 1013 3036 tum
1034 2975 1137 3034 hnmi-

42 3061 131 3122 dum
151 3058 227 3121 illud
252 3061 461 3141 primigenium
483 3071 514 3122 et
534 3059 690 3138 radicale,
726 3081 787 3141 quo
807 3079 872 3121 uno
905 3058 989 3123 velut
1022 3057 1139 3141 glutino

42 3143 191 3230 quodam
211 3143 307 3206 robur
327 3161 430 3206 eanum
451 3145 641 3209 continetur.'
654 3163 787 3206 rostras.

138 3226 307 3310 Peg-551,
324 3247 351 3288 t.
373 3230 508 3289 uinum
529 3247 728 3293 meracum
749 3239 870 3289 cetus.
911 3225 1028 3290 Vinum
1053 3234 1141 3286 vetus

36 3329 117 3375 esse
139 3311 248 3371 melius
269 3331 305 3372 ac
325 3309 475 3373 salubrius
495 3331 594 3388 novo,
620 3309 713 3394 idque
733 3308 836 3372 multis
867 3309 906 3370 do
938 3311 1052 3382 causis,
1083 3308 1140 3371 do·

34 3405 122 3458 cent
144 3393 253 3454 nimici
274 3406 305 3456 et
325 3395 438 3456 indicat
457 3415 561 3458 sensus
581 3397 760 3469 communis,
783 3394 1015 3476 iudicaruntque
1035 3410 1140 3454 omues
1198 3413 1201 3428 ·

32 3475 159 3564 populi
175 3497 305 3559 semper.
345 3479 392 3540 Ex
406 3497 468 3561 qno
487 3499 576 3540 sensu
590 3479 705 3540 dictum
720 3488 765 3540 est
781 3477 965 3540 aSalvatore
975 3477 1075 3538 lucae
1087 3477 1138 3540 s:

33 3563 155 3626 Nemo
181 3561 280 3622 bibens
311 3561 416 3623 uinum
441 3573 539 3637 vanu,
574 3564 679 3623 statim
699 3565 765 3624 vult
790 3582 925 3624 novam
954 3561 1030 3621 dt‘eit
1046 3561 1139 3634 enim,
1259 3591 1263 3598 ·

29 3659 139 3709 verm
161 3645 268 3704 meliro
291 3658 346 3707 est.
391 3645 471 3706 Hinc
491 3656 522 3706 et
545 3643 670 3706 Plautus
686 3646 815 3708 Casinas
843 3647 905 3730 (ini
925 3656 1044 3705 manum
1068 3643 1140 3702 vino

27 3741 171 3802 vetere,
196 3726 342 3811 rapiemer
364 3742 448 3812 preto.
490 3728 707 3790 Verumtamen
739 3731 911 3811 insipientes
941 3729 991 3787 isti
1018 3724 1140 3802 medici,
1169 3771 1173 3780 .

25 3813 126 3874 dum
150 3807 283 3872 calorem
301 3809 411 3893 frigore
428 3809 536 3872 volunt
556 3808 668 3892 pellere
690 3823 720 3871 et
746 3812 841 3892 frigus
865 3810 974 3886 calore,
1007 3805 1139 3886 (caleia-

25 3899 88 3956 cit
112 3906 219 3956 autem
240 3895 347 3954 vinum
375 3905 405 3954 et
425 3915 486 3976 quo
510 3895 678 3970 meracius,
709 3913 745 3954 eo
766 3897 899 3976 magia)
920 3893 1062 3952 miserum
1084 3909 1141 3970 pa-

19 3981 179 4040 tientem
199 3997 287 4040 suurn
310 3979 366 4056 (nt
391 3971 508 4058 torpete
528 3974 638 4048 παῖδες
657 3975 737 4037 male
756 3976 902 4038 habentes
923 3975 1050 4054 vocant)
1071 3993 1140 4058 per·

19 4059 208 4124 diderunt.
243 4079 371 4127 maras.

135 4143 341 4226 fusses.
371 4157 532 4228 portam
565 4143 796 4220 Xylocerci.
838 4141 884 4204 Ex
914 4141 1021 4224 viginti
1041 4139 1139 4204 tribus

15 4228 147 4316 portia
168 4227 457 4312 Constantinopolis,
480 4237 514 4290 ut
535 4228 627 4291 ral'ert
646 4225 847 4300 huneluvius
860 4247 878 4308 ,2
894 4225 1051 4290 undecima
1077 4245 1140 4288 no-
