2854 4936
330 294 415 384 380
708 315 1019 384 muomuonrs

418 479 497 580 Peg,
523 498 572 563 19,
598 475 644 544 15.
679 477 773 539 inde
809 477 859 538 ab
890 473 1139 554 infantibor.
1194 473 1374 538 Commius

327 578 466 648 cognatur
484 564 661 648 imperatori
678 561 850 623 Andronico
877 561 980 620 iuveni
1005 558 1141 642 aequalis
1169 571 1200 618 et
1217 561 1374 620 annotatio

327 650 367 710 ab
387 651 502 710 memte
522 660 617 706 aetate
634 659 664 706 et
683 646 719 706 ob
738 646 835 706 animi
861 643 1019 703 candorem
1042 661 1267 723 remnonumqne
1291 647 1374 702 terito·

327 745 384 794 tem
395 745 549 812 ctmorrmr
563 729 794 792 commoditatem
806 725 983 789 carminum.
1016 723 1166 808 Gregorns
1184 723 1240 784 lib.
1255 723 1285 788 8.
1310 745 1373 786 ιοιι.

410 813 489 896 Pag.
517 833 566 897 19,
589 810 639 892 ιη.
662 807 742 892 πρὸς
762 806 858 872 cortu
879 829 941 871 om.
956 807 1002 868 M.

411 897 492 978 Peg.
516 917 566 972 ao,
593 917 620 956 ι.
642 891 687 967 οἷς
701 895 744 960 Μ.
763 914 819 975 pro
838 887 929 974 apic.

409 979 490 1062 Peg.
516 999 567 1058 no,
588 998 637 1040 ιι.
655 971 721 1040 εἶτα
742 979 787 1038 Μ.
810 997 865 1058 pro
881 971 969 1040 tlon.

411 1062 491 1145 Peg.
514 1083 567 1140 αι,
584 1061 617 1124 6.
640 1063 829 1122 bominem
856 1079 1020 1143 namque
1043 1059 1239 1143 pluribus
1258 1063 1377 1146 eepuip

329 1146 382 1208 Ad
401 1147 609 1210 Andronicum
623 1165 713 1206 auum
734 1143 960 1214 accommodat,
988 1145 1070 1227 quod
1090 1143 1129 1206 de
1152 1143 1270 1206 medioo
1295 1144 1378 1204 Hom·

329 1251 381 1292 ιιιι
415 1229 542 1314 protulit
572 1223 718 1290 litant:
755 1221 871 1309 Ἰητρός
903 1221 963 1306 γὰρ
1000 1223 1081 1306 α’νὴρ
1112 1227 1235 1286 πολλῶν
1265 1220 1378 1299 ἀντάξιος

329 1303 454 1392 ἄλλων,
470 1333 532 1397 quo
552 1309 700 1374 versiculo
719 1321 826 1394 poetae
842 1311 1052 1393 sapientissimi
1071 1311 1137 1370 iure
1158 1311 1320 1392 gloriantur
1336 1331 1379 1368 mo

329 1395 408 1478 dici,
430 1397 515 1458 cuius
531 1415 654 1472 sensus:
679 1395 812 1456 medicus
832 1396 927 1454 instar
946 1391 1112 1456 multorum
1139 1414 1194 1454 eeu
1222 1413 1277 1475 pro
1305 1392 1380 1452 multis

328 1490 395 1556 eat,
424 1500 477 1542 seu
499 1477 602 1540 moltis
622 1479 813 1560 aequiparari
834 1487 942 1561 potest.
984 1477 1050 1540 Hoc
1081 1474 1169 1554 volt,
1201 1475 1380 1552 Andronicum

328 1561 495 1624 multorum
524 1563 651 1625 virtutes
674 1583 771 1624 unum
798 1559 1009 1642 complexum,
1037 1565 1136 1621 itaut
1159 1559 1381 1642 insinguiisoc-

331 1647 407 1707 mini
428 1647 526 1708 cedat.
569 1645 649 1708 Noto
668 1647 816 1728 egregiam
838 1641 1094 1706 laudatiunculam
1114 1664 1150 1704 cx
1178 1643 1300 1724 verbis,
1325 1662 1380 1725 quae

327 1732 517 1792 continenter
535 1729 745 1791 subiiciuntur.
768 1748 901 1792 ιοιτιιι.

368 1869 373 1880 .
409 1815 487 1896 Pog.
511 1834 562 1881 ιι.
581 1813 611 1876 8.
633 1808 764 1897 ἀνδρείᾳ
782 1813 828 1874 Μ.

408 1897 488 1979 Pag.
511 1917 564 1976 at,
591 1915 639 1966 ιι.
659 1891 762 1958 κοινὸν
792 1884 920 1975 ἄγαλμα
948 1893 1005 1978 τῆς
1030 1890 1165 1980 φύσεως.
1213 1892 1323 1956 Vocem
1339 1889 1381 1973 pl

325 1996 407 2050 orme
426 1981 465 2042 do
486 1983 618 2043 humana
641 1989 769 2057 natura,
787 1979 818 2041 id
838 1990 884 2040 est
904 1979 943 2040 de
964 1975 1137 2040 bominibus
1161 1979 1246 2060 ipsis,
1261 1976 1382 2059 prolatum

326 2065 465 2144 accipio,
500 2081 632 2146 qnorum
660 2064 861 2126 communiter
891 2061 983 2128 decus
1014 2075 1044 2124 et
1066 2071 1279 2122 ornamentum
1297 2059 1381 2127 luisse,

327 2145 467 2228 (propter
487 2148 580 2208 animi
602 2149 815 2228 praestantiam
837 2141 1003 2224 videlieec)
1026 2145 1240 2208 Andronicum
1259 2165 1336 2204 auum
1351 2152 1383 2199 te·

325 2239 437 2290 utatur.
479 2230 515 2290 ln
535 2231 644 2312 quovis
663 2250 898 2312 eorumgenere
919 2227 997 2290 illud
1018 2225 1148 2290 aliarum
1169 2227 1284 2303 decue,
1313 2223 1383 2304 gloria

326 2321 357 2374 et
375 2323 587 2375 ornamentum
607 2325 670 2388 est,
685 2313 768 2395 quod
787 2333 879 2394 supra
899 2310 974 2374 alins
995 2311 1122 2379 excellit.
1163 2311 1206 2372 Et
1223 2312 1296 2394 quia
1312 2305 1384 2386 tyo-

325 2417 374 2475 μα
394 2399 487 2458 etiam
506 2399 665 2479 exponitur
685 2396 957 2475 oblectamentum,
984 2415 1094 2478 purum
1114 2394 1239 2468 aberat,
1262 2395 1328 2476 quin
1344 2391 1384 2449 bot

325 2489 425 2544 totum
445 2475 549 2542 ποινὰν
575 2471 704 2560 ἄγαλμα
723 2480 778 2560 τῆς
803 2475 931 2562 φύσεως
945 2491 1152 2540 converterem
1177 2500 1265 2540 ααιοι·
1281 2500 1314 2536 nc
1329 2473 1384 2534 dcli·

324 2565 395 2624 ciae
413 2566 528 2646 generis
544 2565 682 2641 Ιιααιααί,
703 2563 899 2640 recordatus,
920 2565 964 2623 ita
979 2563 1084 2646 Titum
1105 2565 1327 2660 imperatorem,
1341 2557 1384 2616 l't·

326 2648 455 2728 οροιίαιιί
474 2646 595 2727 filium,
619 2649 809 2714 nominatum
831 2667 915 2726 cose,
936 2655 1011 2710 teste
1030 2645 1176 2710 Suetonio
1203 2649 1237 2708 in
1260 2649 1319 2708 eine
1342 2643 1384 2702 viu

327 2749 363 2790 ca
385 2777 395 2798 .
415 2753 439 2794 ι.
480 2751 612 2794 rourum

364 2751 486 2897 ΡΡπρη.
503 2837 556 2897 ιι,
582 2837 630 2883 ιι.
650 2807 750 2888 οὕτως
781 2809 901 2896 ἐρήμην
933 2813 988 2878 irre*
1018 2818 1083 2888 ιοῖς
1108 2814 1270 2894 μεγίστοις
1295 2809 1384 2906 ἅλιξιν

325 2898 504 2976 συμβαίνει.
555 2899 770 2966 subaudienda
807 2911 853 2960 est
879 2897 1091 2980 rocameltim
1122 2919 1194 2960 cum
1224 2898 1277 2959 illa
1303 2897 1384 2972 ἑρηρη.

324 2979 383 3043 Est
402 2993 502 3045 eutem
525 2977 597 3065 διἰιη
618 3004 727 3062 causa,
758 2979 928 3056 iudicium,
960 2991 997 3042 ut
1022 2979 1125 3063 ἐρήμη
1154 2979 1227 3062 δι’κη
1257 2983 1294 3043 sit
1310 2979 1383 3038 desto

325 3073 391 3126 tum
411 3065 558 3128 iudicium
589 3087 641 3128 seu
662 3067 815 3129 desertum
836 3065 1056 3133 vadimonium.
1095 3067 1275 3144 Composita
1288 3065 1385 3124 corel

208 3167 212 3176 ·
325 3144 542 3228 δρημοδιιαον,
574 3150 696 3231 quando
721 3153 790 3232 quis
815 3147 856 3211 ad
883 3149 964 3211 diem
996 3169 1057 3211 non
1085 3171 1117 3212 ea
1139 3151 1220 3210 sistit
1242 3150 1274 3210 in
1294 3141 1384 3206 iudicio.

325 3229 367 3292 Et
387 3231 506 3314 ἐρήμην
525 3233 820 3314 καταδικασθῆναι,
849 3233 911 3310 vol,
935 3245 972 3294 ut
993 3233 1077 3314 apud
1097 3245 1236 3294 ausuum
1262 3241 1314 3305 cst,
1335 3216 1383 3300 t'tl·

324 3332 388 3393 μην
410 3312 550 3392 ἁλῶναι,
578 3329 622 3380 est
651 3317 690 3380 ob
717 3318 862 3378 desertum
884 3319 1091 3380 vadimonium
1116 3317 1271 3376 domitari.
1310 3311 1384 3372 potat

325 3398 417 3456 etiam
441 3402 518 3462 verti
545 3401 659 3466 iudom
681 3422 771 3462 conca
797 3400 962 3476 damnari,
986 3401 1068 3484 quod
1091 3419 1146 3460 noa
1167 3400 1314 3460 fecimus:
1332 3407 1383 3451 oet·

325 3487 372 3539 ter
399 3483 502 3556 enim,
527 3493 558 3544 et
585 3485 638 3566 qui
668 3484 878 3548 vadimonium
901 3485 1050 3558 deseruit,
1084 3486 1189 3564 etqui
1211 3499 1325 3542 causam
1343 3487 1382 3532 νοῦ

324 3559 418 3640 dixit,
440 3563 479 3624 ad
499 3567 645 3630 iudicium
665 3578 839 3650 comparate
874 3570 917 3628 ita
939 3581 1067 3650 uterque
1087 3565 1208 3628 videtur
1227 3561 1381 3626 deseruisse:

323 3647 379 3706 etsi
400 3646 475 3708 alter
495 3669 565 3711 reus
585 3662 652 3729 est,
687 3655 739 3734 qui
761 3651 935 3712 vadimonio
956 3673 989 3712 se
1008 3649 1177 3732 obligavit,
1204 3643 1337 3709 alteri'fit
1353 3639 1383 3694 ἰν·

323 3729 434 3790 iuriam
457 3731 570 3795 Seneca
591 3734 716 3798 Medea:
740 3737 801 3820 Qui
819 3739 920 3797 atatim
936 3734 1056 3820 alequid
1070 3746 1160 3818 parte
1181 3731 1314 3793 mamm
1332 3721 1384 3782 alte·

324 3833 378 3889 m,
396 3813 528 3898 Aequum
541 3818 611 3878 licet
633 3821 787 3895 statuerit,
804 3819 891 3880 leand
903 3841 1012 3903 aequm
1019 3818 1097 3898 suit.
1142 3835 1271 3880 norrun.

349 3913 353 3926 ¹
409 3897 486 3978 Peg.
514 3921 567 3980 οι,
595 3902 642 3962 15.
667 3895 685 3962 t
715 3903 795 3981 χθὲς
828 3901 885 3962 καὶ
906 3896 1024 3981 πρώην.
1067 3900 1134 3959 Hac
1155 3891 1328 3981 proverbiali
1345 3887 1384 3966 by·

326 3977 450 4059 per-bole
470 3986 567 4044 utitur
588 4004 650 4044 non
672 4007 754 4046 raro.
794 3984 882 4046 Licet
902 3986 993 4046 etiam
1016 3981 1143 4046 reddere
1159 3999 1320 4066 praecepte,
1345 3989 1384 4030 ΕΒ·

324 4065 475 4141 perrime,
497 4069 591 4148 poulo
612 4081 697 4143 ante,
717 4071 791 4130 lteri.
816 4089 950 4130 νοιιτιιι.

413 4145 490 4226 Pag·
512 4169 565 4226 οι,
590 4149 638 4228 ιιί.
663 4147 944 4233 προσκυνούμενος.
971 4149 1106 4211 Verbum
1122 4143 1311 4228 προσκυνεῖν,
1326 4131 1383 4194 ado·

328 4243 407 4303 rate,
426 4229 458 4288 in
479 4235 675 4296 sacrosanctis
706 4236 899 4320 profanisque
922 4234 1030 4298 litteris
1045 4231 1234 4295 ereberrime
1253 4225 1288 4288 ed
1305 4221 1383 4282 Μ’
