<?xml version="1.0" encoding="UTF-8"?>
<!DOCTYPE html PUBLIC "-//W3C//DTD XHTML 1.0 Transitional//EN"
    "http://www.w3.org/TR/xhtml1/DTD/xhtml1-transitional.dtd">
<html xmlns="http://www.w3.org/1999/xhtml" xml:lang="en" lang="en">
 <head>
  <title>
</title>
<meta http-equiv="Content-Type" content="text/html;charset=utf-8" />
  <meta name='ocr-system' content='tesseract 3.04.00' />
  <meta name='ocr-capabilities' content='ocr_page ocr_carea ocr_par ocr_line ocrx_word'/>
</head>
<body>
  <div class='ocr_page' id='page_1' title='image "./ioanniscantacuz02niebgoog_0027.png"; bbox 0 0 3098 4928; ppageno 0'>
   <div class='ocr_carea' id='block_1_1' title="bbox 324 279 998 372">
    <p class='ocr_par' dir='ltr' id='par_1_1' title="bbox 324 279 998 372">
     <span class='ocr_line' id='line_1_1' title="bbox 324 279 998 372; baseline 0.006 -32"><span class='ocrx_word' id='word_1_1' title='bbox 324 288 373 341; x_wconf 90' lang='lat' dir='ltr'>ro</span> <span class='ocrx_word' id='word_1_2' title='bbox 658 367 661 372; x_wconf 22' lang='grc' dir='ltr'>Ι</span> <span class='ocrx_word' id='word_1_3' title='bbox 716 279 998 348; x_wconf 66' lang='lat' dir='ltr'>massenum</span> 
     </span>
    </p>
   </div>
   <div class='ocr_carea' id='block_1_2' title="bbox 169 419 1535 4201">
    <p class='ocr_par' dir='ltr' id='par_1_2' title="bbox 169 419 1535 4201">
     <span class='ocr_line' id='line_1_2' title="bbox 169 419 1393 520; baseline -0.002 -20"><span class='ocrx_word' id='word_1_4' title='bbox 169 435 495 516; x_wconf 71' lang='grc' dir='ltr'><strong><em>Δ.(1.ιλλγΒυζαιτίου</em></strong></span> <span class='ocrx_word' id='word_1_5' title='bbox 522 430 579 498; x_wconf 81' lang='grc' dir='ltr'>καί</span> <span class='ocrx_word' id='word_1_6' title='bbox 597 431 670 518; x_wconf 86' lang='grc' dir='ltr'><strong><em>τούς</em></strong></span> <span class='ocrx_word' id='word_1_7' title='bbox 693 419 835 515; x_wconf 87' lang='grc' dir='ltr'><strong><em>βασιλίδι</em></strong></span> <span class='ocrx_word' id='word_1_8' title='bbox 861 435 1103 520; x_wconf 71' lang='grc' dir='ltr'><strong><em>προσκειμένους</em></strong></span> <span class='ocrx_word' id='word_1_9' title='bbox 1122 431 1343 520; x_wconf 83' lang='grc' dir='ltr'><strong><em>συγκλητικούς</em></strong></span> <span class='ocrx_word' id='word_1_10' title='bbox 1356 455 1393 500; x_wconf 81' lang='grc' dir='ltr'>τε</span> 
     </span>
     <span class='ocr_line' id='line_1_3' title="bbox 315 525 1393 620; baseline -0.004 -20"><span class='ocrx_word' id='word_1_11' title='bbox 315 531 383 616; x_wconf 77' lang='grc' dir='ltr'><strong><em>ἅμα</em></strong></span> <span class='ocrx_word' id='word_1_12' title='bbox 412 537 469 599; x_wconf 85' lang='grc' dir='ltr'>καί</span> <span class='ocrx_word' id='word_1_13' title='bbox 486 530 681 620; x_wconf 75' lang='grc' dir='ltr'><strong><em>στρατιώτας</em></strong></span> <span class='ocrx_word' id='word_1_14' title='bbox 701 533 757 598; x_wconf 83' lang='grc' dir='ltr'>καί</span> <span class='ocrx_word' id='word_1_15' title='bbox 773 531 850 612; x_wconf 82' lang='grc' dir='ltr'><strong><em>,τούς</em></strong></span> <span class='ocrx_word' id='word_1_16' title='bbox 870 525 985 609; x_wconf 72' lang='grc' dir='ltr'><strong><em>ἄλλους</em></strong></span> <span class='ocrx_word' id='word_1_17' title='bbox 1005 535 1067 598; x_wconf 69' lang='grc' dir='ltr'><strong><em>τοῖν</em></strong></span> <span class='ocrx_word' id='word_1_18' title='bbox 1089 535 1253 620; x_wconf 74' lang='grc' dir='ltr'>ἐπιφανῶν</span> <span class='ocrx_word' id='word_1_19' title='bbox 1274 532 1393 611; x_wconf 86' lang='grc' dir='ltr'><strong><em>πίστεις</em></strong></span> 
     </span>
     <span class='ocr_line' id='line_1_4' title="bbox 238 623 1395 720; baseline 0 -22"><span class='ocrx_word' id='word_1_20' title='bbox 238 623 239 628; x_wconf 26' lang='lat'>¹</span> <span class='ocrx_word' id='word_1_21' title='bbox 316 636 509 720; x_wconf 86' lang='grc' dir='ltr'><strong><em>α’μφοτέροις</em></strong></span> <span class='ocrx_word' id='word_1_22' title='bbox 530 634 574 698; x_wconf 83' lang='grc' dir='ltr'>δι’</span> <span class='ocrx_word' id='word_1_23' title='bbox 596 627 698 717; x_wconf 82' lang='grc' dir='ltr'><strong><em>ὅρκων</em></strong></span> <span class='ocrx_word' id='word_1_24' title='bbox 718 634 843 700; x_wconf 81' lang='grc' dir='ltr'><strong><em>διδόναι</em></strong></span> <span class='ocrx_word' id='word_1_25' title='bbox 861 642 925 710; x_wconf 81' lang='grc' dir='ltr'><strong><em>τοῖς</em></strong></span> <span class='ocrx_word' id='word_1_26' title='bbox 946 635 1132 716; x_wconf 78' lang='grc' dir='ltr'><strong><em>βασιλεύοι,</em></strong></span> <span class='ocrx_word' id='word_1_27' title='bbox 1163 630 1219 696; x_wconf 85' lang='grc' dir='ltr'>καί</span> <span class='ocrx_word' id='word_1_28' title='bbox 1238 634 1395 717; x_wconf 83' lang='grc' dir='ltr'><strong><em>μηδεμίαν</em></strong></span> 
     </span>
     <span class='ocr_line' id='line_1_5' title="bbox 315 725 1397 820; baseline -0.002 -22"><span class='ocrx_word' id='word_1_29' title='bbox 315 727 397 803; x_wconf 75' lang='grc' dir='ltr'><strong><em>ἐἶναι</em></strong></span> <span class='ocrx_word' id='word_1_30' title='bbox 417 730 586 820; x_wconf 83' lang='grc' dir='ltr'><strong><em>διαφοράν,</em></strong></span> <span class='ocrx_word' id='word_1_31' title='bbox 610 733 691 817; x_wconf 83' lang='grc' dir='ltr'><strong><em>μηδέ</em></strong></span> <span class='ocrx_word' id='word_1_32' title='bbox 713 730 886 814; x_wconf 82' lang='grc' dir='ltr'><strong><em>διάστασιν,</em></strong></span> <span class='ocrx_word' id='word_1_33' title='bbox 906 735 976 796; x_wconf 74' lang='grc' dir='ltr'><strong><em>αλλ’</em></strong></span> <span class='ocrx_word' id='word_1_34' title='bbox 996 728 1059 796; x_wconf 85' lang='grc' dir='ltr'>ύπύ</span> <span class='ocrx_word' id='word_1_35' title='bbox 1079 731 1157 814; x_wconf 88' lang='grc' dir='ltr'><strong><em>μίαν</em></strong></span> <span class='ocrx_word' id='word_1_36' title='bbox 1172 736 1337 813; x_wconf 87' lang='grc' dir='ltr'><strong><em>βασιλείαν</em></strong></span> <span class='ocrx_word' id='word_1_37' title='bbox 1358 725 1397 796; x_wconf 81' lang='grc' dir='ltr'>ά-</span> 
     </span>
     <span class='ocr_line' id='line_1_6' title="bbox 318 823 1535 916; baseline 0 -20"><span class='ocrx_word' id='word_1_38' title='bbox 318 857 439 910; x_wconf 83' lang='grc' dir='ltr'><strong><em>παντας</em></strong></span> <span class='ocrx_word' id='word_1_39' title='bbox 460 831 628 916; x_wconf 73' lang='grc' dir='ltr'><strong><em>τετάχθαι.</em></strong></span> <span class='ocrx_word' id='word_1_40' title='bbox 670 825 740 896; x_wconf 84' lang='grc' dir='ltr'><strong><em>ύσοι</em></strong></span> <span class='ocrx_word' id='word_1_41' title='bbox 759 835 818 914; x_wconf 88' lang='grc' dir='ltr'><strong><em>μὲν</em></strong></span> <span class='ocrx_word' id='word_1_42' title='bbox 840 824 896 897; x_wconf 81' lang='grc' dir='ltr'><strong><em>σύν</em></strong></span> <span class='ocrx_word' id='word_1_43' title='bbox 919 829 1008 897; x_wconf 82' lang='grc' dir='ltr'><strong><em>ἔνδον</em></strong></span> <span class='ocrx_word' id='word_1_44' title='bbox 1027 823 1109 916; x_wconf 84' lang='grc' dir='ltr'><strong><em>ἦσαν</em></strong></span> <span class='ocrx_word' id='word_1_45' title='bbox 1122 829 1202 914; x_wconf 83' lang='grc' dir='ltr'><strong><em>μετά</em></strong></span> <span class='ocrx_word' id='word_1_46' title='bbox 1226 829 1424 912; x_wconf 80' lang='grc' dir='ltr'><strong><em>βασιλι’δος,5</em></strong></span> <span class='ocrx_word' id='word_1_47' title='bbox 1534 841 1535 844; x_wconf 74' lang='grc'>’</span> 
     </span>
     <span class='ocr_line' id='line_1_7' title="bbox 281 925 1400 1017; baseline -0.002 -21"><span class='ocrx_word' id='word_1_48' title='bbox 281 932 373 996; x_wconf 73' lang='lat' dir='ltr'>Dacus*</span> <span class='ocrx_word' id='word_1_49' title='bbox 396 927 495 1017; x_wconf 87' lang='grc' dir='ltr'><strong><em>χάριν</em></strong></span> <span class='ocrx_word' id='word_1_50' title='bbox 525 928 789 1016; x_wconf 74' lang='grc' dir='ltr'><strong><em>προσωμολόγουν</em></strong></span> <span class='ocrx_word' id='word_1_51' title='bbox 818 935 945 1014; x_wconf 86' lang='grc' dir='ltr'><strong><em>βασιλεῖ</em></strong></span> <span class='ocrx_word' id='word_1_52' title='bbox 973 932 1028 996; x_wconf 85' lang='grc' dir='ltr'>καί</span> <span class='ocrx_word' id='word_1_53' title='bbox 1058 928 1133 1006; x_wconf 87' lang='grc' dir='ltr'><strong><em>τούς</em></strong></span> <span class='ocrx_word' id='word_1_54' title='bbox 1157 925 1267 1014; x_wconf 78' lang='grc' dir='ltr'><strong><em>ὅρκους</em></strong></span> <span class='ocrx_word' id='word_1_55' title='bbox 1288 932 1400 1013; x_wconf 64' lang='grc' dir='ltr'>παρείΜ</span> 
     </span>
     <span class='ocr_line' id='line_1_8' title="bbox 316 1025 1402 1118; baseline -0.001 -25"><span class='ocrx_word' id='word_1_56' title='bbox 316 1053 413 1114; x_wconf 75' lang='grc' dir='ltr'><strong><em>γοντα</em></strong></span> <span class='ocrx_word' id='word_1_57' title='bbox 431 1029 628 1118; x_wconf 73' lang='grc' dir='ltr'><strong><em>προθύμως·</em></strong></span> <span class='ocrx_word' id='word_1_58' title='bbox 668 1035 731 1098; x_wconf 76' lang='grc' dir='ltr'>τῶν</span> <span class='ocrx_word' id='word_1_59' title='bbox 749 1029 810 1110; x_wconf 76' lang='grc' dir='ltr'>ἔξω</span> <span class='ocrx_word' id='word_1_60' title='bbox 833 1033 869 1096; x_wconf 83' lang='grc' dir='ltr'>δὲ</span> <span class='ocrx_word' id='word_1_61' title='bbox 891 1027 922 1096; x_wconf 81' lang='grc' dir='ltr'>οἱ</span> <span class='ocrx_word' id='word_1_62' title='bbox 944 1025 1145 1108; x_wconf 84' lang='grc' dir='ltr'><strong><em>πλείουςούκ</em></strong></span> <span class='ocrx_word' id='word_1_63' title='bbox 1165 1030 1323 1114; x_wconf 79' lang='grc' dir='ltr'><strong><em>ἠνείχοντο</em></strong></span> <span class='ocrx_word' id='word_1_64' title='bbox 1339 1031 1402 1094; x_wconf 74' lang='grc' dir='ltr'><strong><em>τοῖν</em></strong></span> 
     </span>
     <span class='ocr_line' id='line_1_9' title="bbox 318 1127 1403 1218; baseline -0.003 -24"><span class='ocrx_word' id='word_1_65' title='bbox 318 1129 459 1212; x_wconf 85' lang='grc' dir='ltr'><strong><em>μάλιστα</em></strong></span> <span class='ocrx_word' id='word_1_66' title='bbox 483 1131 662 1217; x_wconf 71' lang='grc' dir='ltr'><strong><em>ἐπιφανῶν,</em></strong></span> <span class='ocrx_word' id='word_1_67' title='bbox 688 1128 770 1195; x_wconf 83' lang='grc' dir='ltr'><strong><em>α’λλύ</em></strong></span> <span class='ocrx_word' id='word_1_68' title='bbox 801 1133 1052 1218; x_wconf 77' lang='grc' dir='ltr'><strong><em>Καντακουζηνῷ</em></strong></span> <span class='ocrx_word' id='word_1_69' title='bbox 1082 1130 1179 1212; x_wconf 86' lang='grc' dir='ltr'><strong><em>μόνον</em></strong></span> <span class='ocrx_word' id='word_1_70' title='bbox 1202 1127 1331 1216; x_wconf 78' lang='grc' dir='ltr'><strong><em>ἔφασαν</em></strong></span> <span class='ocrx_word' id='word_1_71' title='bbox 1359 1131 1403 1214; x_wconf 77' lang='grc' dir='ltr'><strong><em>τῷ</em></strong></span> 
     </span>
     <span class='ocr_line' id='line_1_10' title="bbox 318 1223 1405 1318; baseline -0.003 -24"><span class='ocrx_word' id='word_1_72' title='bbox 318 1235 448 1314; x_wconf 77' lang='grc' dir='ltr'><strong><em>βασιλεῖ</em></strong></span> <span class='ocrx_word' id='word_1_73' title='bbox 461 1230 655 1312; x_wconf 89' lang='grc' dir='ltr'><strong><em>δουλεύσειν,</em></strong></span> <span class='ocrx_word' id='word_1_74' title='bbox 674 1225 771 1318; x_wconf 76' lang='grc' dir='ltr'><strong><em>ἑτέρην</em></strong></span> <span class='ocrx_word' id='word_1_75' title='bbox 788 1231 823 1294; x_wconf 79' lang='grc' dir='ltr'>δὲ</span> <span class='ocrx_word' id='word_1_76' title='bbox 836 1230 958 1314; x_wconf 86' lang='grc' dir='ltr'><strong><em>μηδενί.</em></strong></span> <span class='ocrx_word' id='word_1_77' title='bbox 1000 1227 1103 1294; x_wconf 81' lang='grc' dir='ltr'><strong><em>δεινὸν</em></strong></span> <span class='ocrx_word' id='word_1_78' title='bbox 1122 1226 1183 1315; x_wconf 80' lang='grc' dir='ltr'>γάρ</span> <span class='ocrx_word' id='word_1_79' title='bbox 1201 1223 1293 1310; x_wconf 71' lang='grc' dir='ltr'><strong><em>εἶναι,</em></strong></span> <span class='ocrx_word' id='word_1_80' title='bbox 1307 1229 1337 1293; x_wconf 81' lang='grc' dir='ltr'>εἰ</span> <span class='ocrx_word' id='word_1_81' title='bbox 1352 1249 1405 1292; x_wconf 90' lang='grc' dir='ltr'><strong><em>το-</em></strong></span> 
     </span>
     <span class='ocr_line' id='line_1_11' title="bbox 318 1325 1449 1413; baseline -0.004 -19"><span class='ocrx_word' id='word_1_82' title='bbox 318 1332 424 1394; x_wconf 80' lang='grc' dir='ltr'><strong><em>σαῦτα</em></strong></span> <span class='ocrx_word' id='word_1_83' title='bbox 443 1327 668 1410; x_wconf 87' lang='grc' dir='ltr'><strong><em>ύπομείναντες</em></strong></span> <span class='ocrx_word' id='word_1_84' title='bbox 688 1326 769 1394; x_wconf 79' lang='grc' dir='ltr'><strong><em>κατὰ</em></strong></span> <span class='ocrx_word' id='word_1_85' title='bbox 793 1325 849 1394; x_wconf 81' lang='grc' dir='ltr'>τὸν</span> <span class='ocrx_word' id='word_1_86' title='bbox 868 1328 1006 1410; x_wconf 82' lang='grc' dir='ltr'><strong><em>πόλεμον</em></strong></span> <span class='ocrx_word' id='word_1_87' title='bbox 1025 1330 1081 1393; x_wconf 87' lang='grc' dir='ltr'>καί</span> <span class='ocrx_word' id='word_1_88' title='bbox 1100 1326 1253 1413; x_wconf 77' lang='grc' dir='ltr'><strong><em>χρήματα</em></strong></span> <span class='ocrx_word' id='word_1_89' title='bbox 1271 1330 1405 1411; x_wconf 84' lang='grc' dir='ltr'><strong><em>προέμε-</em></strong></span> <span class='ocrx_word' id='word_1_90' title='bbox 1418 1349 1449 1390; x_wconf 89' lang='grc' dir='ltr'>ιο</span> 
     </span>
     <span class='ocr_line' id='line_1_12' title="bbox 319 1424 1406 1516; baseline -0.005 -22"><span class='ocrx_word' id='word_1_91' title='bbox 319 1451 370 1494; x_wconf 88' lang='grc' dir='ltr'>νοι</span> <span class='ocrx_word' id='word_1_92' title='bbox 389 1427 445 1494; x_wconf 88' lang='grc' dir='ltr'>καί</span> <span class='ocrx_word' id='word_1_93' title='bbox 463 1429 596 1505; x_wconf 84' lang='grc' dir='ltr'><strong><em>οἰκείους</em></strong></span> <span class='ocrx_word' id='word_1_94' title='bbox 613 1427 670 1494; x_wconf 83' lang='grc' dir='ltr'>καί</span> <span class='ocrx_word' id='word_1_95' title='bbox 690 1431 777 1514; x_wconf 84' lang='grc' dir='ltr'><strong><em>σφᾶς</em></strong></span> <span class='ocrx_word' id='word_1_96' title='bbox 800 1425 915 1503; x_wconf 86' lang='grc' dir='ltr'><strong><em>αύτούς</em></strong></span> <span class='ocrx_word' id='word_1_97' title='bbox 937 1424 1017 1513; x_wconf 81' lang='grc' dir='ltr'><strong><em>ύπὲρ</em></strong></span> <span class='ocrx_word' id='word_1_98' title='bbox 1036 1430 1092 1493; x_wconf 78' lang='grc' dir='ltr'><strong><em>τοῦ</em></strong></span> <span class='ocrx_word' id='word_1_99' title='bbox 1112 1429 1200 1516; x_wconf 62' lang='lat' dir='ltr'>vespis</span> <span class='ocrx_word' id='word_1_100' title='bbox 1221 1425 1298 1504; x_wconf 87' lang='grc' dir='ltr'><strong><em>τούς</em></strong></span> <span class='ocrx_word' id='word_1_101' title='bbox 1315 1433 1406 1490; x_wconf 88' lang='grc' dir='ltr'><strong><em>πολε-</em></strong></span> 
     </span>
     <span class='ocr_line' id='line_1_13' title="bbox 317 1523 1406 1613; baseline -0.004 -21"><span class='ocrx_word' id='word_1_102' title='bbox 317 1529 420 1610; x_wconf 85' lang='grc' dir='ltr'><strong><em>μίους,</em></strong></span> <span class='ocrx_word' id='word_1_103' title='bbox 441 1525 551 1595; x_wconf 81' lang='grc' dir='ltr'><strong><em>ἔπειτα</em></strong></span> <span class='ocrx_word' id='word_1_104' title='bbox 573 1523 624 1595; x_wconf 80' lang='grc' dir='ltr'>ὅτε</span> <span class='ocrx_word' id='word_1_105' title='bbox 646 1525 756 1606; x_wconf 82' lang='grc' dir='ltr'><strong><em>ἔδοξαν</em></strong></span> <span class='ocrx_word' id='word_1_106' title='bbox 771 1530 1004 1612; x_wconf 87' lang='grc' dir='ltr'><strong><em>κεκρατηκέναι,</em></strong></span> <span class='ocrx_word' id='word_1_107' title='bbox 1025 1523 1146 1611; x_wconf 85' lang='grc' dir='ltr'><strong><em>α’θρύον</em></strong></span> <span class='ocrx_word' id='word_1_108' title='bbox 1160 1528 1337 1613; x_wconf 82' lang='grc' dir='ltr'><strong><em>φαίνεσθαι</em></strong></span> <span class='ocrx_word' id='word_1_109' title='bbox 1351 1551 1406 1590; x_wconf 88' lang='grc' dir='ltr'>κα-</span> 
     </span>
     <span class='ocr_line' id='line_1_14' title="bbox 316 1619 1410 1714; baseline -0.003 -22"><span class='ocrx_word' id='word_1_110' title='bbox 316 1626 435 1713; x_wconf 84' lang='grc' dir='ltr'><strong><em>τάκρας</em></strong></span> <span class='ocrx_word' id='word_1_111' title='bbox 465 1627 659 1714; x_wconf 76' lang='grc' dir='ltr'><strong><em>ἡττημένους</em></strong></span> <span class='ocrx_word' id='word_1_112' title='bbox 690 1625 747 1692; x_wconf 84' lang='grc' dir='ltr'>καί</span> <span class='ocrx_word' id='word_1_113' title='bbox 775 1625 978 1704; x_wconf 87' lang='grc' dir='ltr'><strong><em>δουλεύοντας</em></strong></span> <span class='ocrx_word' id='word_1_114' title='bbox 1005 1629 1150 1708; x_wconf 74' lang='grc' dir='ltr'><strong><em>ἐκεινοις,</em></strong></span> <span class='ocrx_word' id='word_1_115' title='bbox 1178 1619 1226 1702; x_wconf 77' lang='grc' dir='ltr'>οἷς</span> <span class='ocrx_word' id='word_1_116' title='bbox 1255 1628 1332 1712; x_wconf 75' lang='grc' dir='ltr'><strong><em>ἐξῆν</em></strong></span> <span class='ocrx_word' id='word_1_117' title='bbox 1348 1627 1410 1690; x_wconf 73' lang='grc' dir='ltr'><strong><em>’καί</em></strong></span> 
     </span>
     <span class='ocr_line' id='line_1_15' title="bbox 315 1725 1409 1814; baseline -0.004 -20"><span class='ocrx_word' id='word_1_118' title='bbox 315 1726 473 1814; x_wconf 76' lang='grc' dir='ltr'><strong><em>πρότερον</em></strong></span> <span class='ocrx_word' id='word_1_119' title='bbox 498 1725 673 1810; x_wconf 79' lang='grc' dir='ltr'><strong><em>δουλεύειν,</em></strong></span> <span class='ocrx_word' id='word_1_120' title='bbox 697 1727 730 1794; x_wconf 85' lang='grc' dir='ltr'>εἰ</span> <span class='ocrx_word' id='word_1_121' title='bbox 748 1725 929 1810; x_wconf 77' lang='grc' dir='ltr'><strong><em>ἐβούλοντο,</em></strong></span> <span class='ocrx_word' id='word_1_122' title='bbox 949 1729 1013 1794; x_wconf 72' lang='grc' dir='ltr'><strong><em>τοῖν</em></strong></span> <span class='ocrx_word' id='word_1_123' title='bbox 1035 1729 1158 1794; x_wconf 71' lang='grc' dir='ltr'><strong><em>πολλῶν</em></strong></span> <span class='ocrx_word' id='word_1_124' title='bbox 1178 1727 1310 1792; x_wconf 77' lang='grc' dir='ltr'><strong><em>ἐκείνων</em></strong></span> <span class='ocrx_word' id='word_1_125' title='bbox 1332 1727 1409 1790; x_wconf 91' lang='grc' dir='ltr'><strong><em>δυσ-</em></strong></span> 
     </span>
     <span class='ocr_line' id='line_1_16' title="bbox 223 1819 1456 1914; baseline -0.003 -22"><span class='ocrx_word' id='word_1_126' title='bbox 223 1831 312 1904; x_wconf 76' lang='lat'><strong>¹³·707</strong></span> <span class='ocrx_word' id='word_1_127' title='bbox 321 1830 427 1914; x_wconf 74' lang='grc' dir='ltr'><strong><em>χερῶν</em></strong></span> <span class='ocrx_word' id='word_1_128' title='bbox 453 1827 697 1912; x_wconf 73' lang='grc' dir='ltr'><strong><em>ἀπαλλαγέντας,</em></strong></span> <span class='ocrx_word' id='word_1_129' title='bbox 745 1826 800 1892; x_wconf 87' lang='grc' dir='ltr'>έπί</span> <span class='ocrx_word' id='word_1_130' title='bbox 824 1829 911 1911; x_wconf 85' lang='grc' dir='ltr'><strong><em>τρισί</em></strong></span> <span class='ocrx_word' id='word_1_131' title='bbox 937 1830 996 1910; x_wconf 84' lang='grc' dir='ltr'><strong><em>μὲν</em></strong></span> <span class='ocrx_word' id='word_1_132' title='bbox 1016 1819 1073 1892; x_wconf 78' lang='grc' dir='ltr'><strong><em>σύν</em></strong></span> <span class='ocrx_word' id='word_1_133' title='bbox 1095 1826 1231 1912; x_wconf 78' lang='grc' dir='ltr'><strong><em>ἡμέραις</em></strong></span> <span class='ocrx_word' id='word_1_134' title='bbox 1252 1821 1456 1914; x_wconf 58' lang='lat' dir='ltr'>&amp;malesei-15</span> 
     </span>
     <span class='ocr_line' id='line_1_17' title="bbox 318 1919 1413 2012; baseline -0.002 -20"><span class='ocrx_word' id='word_1_135' title='bbox 318 1951 403 2008; x_wconf 87' lang='grc' dir='ltr'><strong><em>κουν,</em></strong></span> <span class='ocrx_word' id='word_1_136' title='bbox 423 1924 468 2010; x_wconf 74' lang='grc' dir='ltr'>μὴ</span> <span class='ocrx_word' id='word_1_137' title='bbox 495 1924 599 1992; x_wconf 84' lang='grc' dir='ltr'><strong><em>ταύτά</em></strong></span> <span class='ocrx_word' id='word_1_138' title='bbox 619 1935 719 1992; x_wconf 77' lang='grc' dir='ltr'><strong><em>ποιεῖν</em></strong></span> <span class='ocrx_word' id='word_1_139' title='bbox 737 1935 801 2002; x_wconf 84' lang='grc' dir='ltr'><strong><em>τοϊς</em></strong></span> <span class='ocrx_word' id='word_1_140' title='bbox 822 1919 940 2008; x_wconf 78' lang='grc' dir='ltr'><strong><em>ἄλλοις,</em></strong></span> <span class='ocrx_word' id='word_1_141' title='bbox 960 1927 1042 2011; x_wconf 80' lang='grc' dir='ltr'><strong><em>μηδέ</em></strong></span> <span class='ocrx_word' id='word_1_142' title='bbox 1062 1921 1194 2008; x_wconf 82' lang='grc' dir='ltr'><strong><em>ύπάγειν</em></strong></span> <span class='ocrx_word' id='word_1_143' title='bbox 1215 1921 1354 2010; x_wconf 75' lang='grc' dir='ltr'><strong><em>ἑαυτούς</em></strong></span> <span class='ocrx_word' id='word_1_144' title='bbox 1373 1927 1413 2012; x_wconf 74' lang='grc' dir='ltr'><strong><em>τῇ</em></strong></span> 
     </span>
     <span class='ocr_line' id='line_1_18' title="bbox 318 2020 1414 2114; baseline -0.003 -23"><span class='ocrx_word' id='word_1_145' title='bbox 318 2021 383 2091; x_wconf 69' lang='lat' dir='ltr'>int</span> <span class='ocrx_word' id='word_1_146' title='bbox 411 2023 468 2090; x_wconf 88' lang='grc' dir='ltr'>τύν</span> <span class='ocrx_word' id='word_1_147' title='bbox 497 2027 632 2109; x_wconf 79' lang='grc' dir='ltr'><strong><em>βασιλέα</em></strong></span> <span class='ocrx_word' id='word_1_148' title='bbox 664 2024 722 2092; x_wconf 88' lang='grc' dir='ltr'>τύν</span> <span class='ocrx_word' id='word_1_149' title='bbox 746 2027 814 2092; x_wconf 87' lang='grc' dir='ltr'><strong><em>νέον</em></strong></span> <span class='ocrx_word' id='word_1_150' title='bbox 843 2027 979 2114; x_wconf 70' lang='grc' dir='ltr'><strong><em>δουλείᾳ.</em></strong></span> <span class='ocrx_word' id='word_1_151' title='bbox 1028 2023 1297 2112; x_wconf 85' lang='grc' dir='ltr'><strong><em>Καντακουζηνύς</em></strong></span> <span class='ocrx_word' id='word_1_152' title='bbox 1326 2027 1363 2091; x_wconf 81' lang='grc' dir='ltr'>δὲ</span> <span class='ocrx_word' id='word_1_153' title='bbox 1396 2020 1414 2088; x_wconf 81' lang='grc' dir='ltr'>ὅ</span> 
     </span>
     <span class='ocr_line' id='line_1_19' title="bbox 318 2119 1417 2212; baseline -0.002 -18"><span class='ocrx_word' id='word_1_154' title='bbox 318 2121 471 2210; x_wconf 86' lang='grc' dir='ltr'><strong><em>βασιλεύς</em></strong></span> <span class='ocrx_word' id='word_1_155' title='bbox 497 2121 557 2209; x_wconf 72' lang='grc' dir='ltr'><strong><em>σύν</em></strong></span> <span class='ocrx_word' id='word_1_156' title='bbox 583 2123 730 2192; x_wconf 84' lang='grc' dir='ltr'><strong><em>ἔνστασιν</em></strong></span> <span class='ocrx_word' id='word_1_157' title='bbox 759 2123 860 2212; x_wconf 75' lang='grc' dir='ltr'><strong><em>ύροῖν,</em></strong></span> <span class='ocrx_word' id='word_1_158' title='bbox 888 2121 1043 2207; x_wconf 83' lang='grc' dir='ltr'><strong><em>σύντομόν</em></strong></span> <span class='ocrx_word' id='word_1_159' title='bbox 1062 2149 1134 2192; x_wconf 87' lang='grc' dir='ltr'><strong><em>τινα</em></strong></span> <span class='ocrx_word' id='word_1_160' title='bbox 1155 2123 1213 2210; x_wconf 69' lang='grc' dir='ltr'>τὴν</span> <span class='ocrx_word' id='word_1_161' title='bbox 1245 2119 1417 2212; x_wconf 84' lang='grc' dir='ltr'><strong><em>οἷπύφασιν</em></strong></span> 
     </span>
     <span class='ocr_line' id='line_1_20' title="bbox 320 2221 1419 2312; baseline -0.002 -22"><span class='ocrx_word' id='word_1_162' title='bbox 320 2223 377 2290; x_wconf 84' lang='grc' dir='ltr'>καί</span> <span class='ocrx_word' id='word_1_163' title='bbox 405 2223 580 2310; x_wconf 86' lang='grc' dir='ltr'><strong><em>αύατηρίας</em></strong></span> <span class='ocrx_word' id='word_1_164' title='bbox 607 2226 749 2310; x_wconf 73' lang='grc' dir='ltr'><strong><em>ἐξήνεγκε</em></strong></span> <span class='ocrx_word' id='word_1_165' title='bbox 776 2223 903 2312; x_wconf 71' lang='grc' dir='ltr'><strong><em>μεστήν.</em></strong></span> <span class='ocrx_word' id='word_1_166' title='bbox 950 2222 1025 2300; x_wconf 83' lang='grc' dir='ltr'><strong><em>τούς</em></strong></span> <span class='ocrx_word' id='word_1_167' title='bbox 1044 2222 1106 2310; x_wconf 79' lang='grc' dir='ltr'>γάρ</span> <span class='ocrx_word' id='word_1_168' title='bbox 1127 2221 1172 2308; x_wconf 75' lang='grc' dir='ltr'>μή</span> <span class='ocrx_word' id='word_1_169' title='bbox 1194 2227 1419 2308; x_wconf 70' lang='grc' dir='ltr'><strong><em>βουλομένους</em></strong></span> 
     </span>
     <span class='ocr_line' id='line_1_21' title="bbox 320 2319 1462 2413; baseline -0.004 -23"><span class='ocrx_word' id='word_1_170' title='bbox 320 2325 364 2413; x_wconf 75' lang='grc' dir='ltr'><strong><em>τῷ</em></strong></span> <span class='ocrx_word' id='word_1_171' title='bbox 388 2327 522 2413; x_wconf 74' lang='grc' dir='ltr'><strong><em>γαμβρῷ</em></strong></span> <span class='ocrx_word' id='word_1_172' title='bbox 548 2323 687 2390; x_wconf 81' lang='grc' dir='ltr'><strong><em>ύπείκειν</em></strong></span> <span class='ocrx_word' id='word_1_173' title='bbox 714 2328 837 2390; x_wconf 81' lang='grc' dir='ltr'><strong><em>ἐκέλευε</em></strong></span> <span class='ocrx_word' id='word_1_174' title='bbox 864 2323 921 2390; x_wconf 83' lang='grc' dir='ltr'>καί</span> <span class='ocrx_word' id='word_1_175' title='bbox 948 2326 1047 2391; x_wconf 78' lang='lat' dir='ltr'>odacri</span> <span class='ocrx_word' id='word_1_176' title='bbox 1067 2319 1264 2408; x_wconf 75' lang='grc' dir='ltr'><strong><em>ἀναχωρεῖν.</em></strong></span> <span class='ocrx_word' id='word_1_177' title='bbox 1308 2323 1462 2410; x_wconf 78' lang='grc' dir='ltr'><strong><em>βιάζε-αο</em></strong></span> 
     </span>
     <span class='ocr_line' id='line_1_22' title="bbox 320 2421 1488 2514; baseline -0.003 -22"><span class='ocrx_word' id='word_1_178' title='bbox 320 2427 401 2492; x_wconf 87' lang='grc' dir='ltr'><strong><em>σθαι</em></strong></span> <span class='ocrx_word' id='word_1_179' title='bbox 427 2421 488 2510; x_wconf 82' lang='grc' dir='ltr'>γάρ</span> <span class='ocrx_word' id='word_1_180' title='bbox 519 2425 575 2488; x_wconf 80' lang='lat' dir='ltr'>odas</span> <span class='ocrx_word' id='word_1_181' title='bbox 602 2425 725 2491; x_wconf 75' lang='grc' dir='ltr'><strong><em>ἐθέλειν</em></strong></span> <span class='ocrx_word' id='word_1_182' title='bbox 751 2422 872 2512; x_wconf 83' lang='grc' dir='ltr'><strong><em>ἔφασκέ</em></strong></span> <span class='ocrx_word' id='word_1_183' title='bbox 897 2449 968 2491; x_wconf 88' lang='grc' dir='ltr'><strong><em>τινα</em></strong></span> <span class='ocrx_word' id='word_1_184' title='bbox 990 2425 1079 2514; x_wconf 77' lang='grc' dir='ltr'><strong><em>αύτῷ</em></strong></span> <span class='ocrx_word' id='word_1_185' title='bbox 1101 2425 1282 2511; x_wconf 86' lang='grc' dir='ltr'><strong><em>δουλεύειν,</em></strong></span> <span class='ocrx_word' id='word_1_186' title='bbox 1305 2422 1416 2510; x_wconf 71' lang='grc' dir='ltr'><strong><em>ὥσπερ</em></strong></span> <span class='ocrx_word' id='word_1_187' title='bbox 1484 2437 1488 2448; x_wconf 90' lang='grc'><em>“</em></span> 
     </span>
     <span class='ocr_line' id='line_1_23' title="bbox 322 2520 1420 2610; baseline 0.002 -22"><span class='ocrx_word' id='word_1_188' title='bbox 322 2526 398 2590; x_wconf 81' lang='grc' dir='ltr'><strong><em>ούδὲ</em></strong></span> <span class='ocrx_word' id='word_1_189' title='bbox 427 2520 597 2610; x_wconf 88' lang='grc' dir='ltr'><strong><em>πρότερον,</em></strong></span> <span class='ocrx_word' id='word_1_190' title='bbox 630 2525 698 2590; x_wconf 73' lang='grc' dir='ltr'><strong><em>ἀλλ’</em></strong></span> <span class='ocrx_word' id='word_1_191' title='bbox 728 2524 759 2589; x_wconf 82' lang='grc' dir='ltr'>εἶ</span> <span class='ocrx_word' id='word_1_192' title='bbox 783 2528 841 2606; x_wconf 84' lang='grc' dir='ltr'><strong><em>μέν</em></strong></span> <span class='ocrx_word' id='word_1_193' title='bbox 867 2549 916 2604; x_wconf 86' lang='grc' dir='ltr'>τις</span> <span class='ocrx_word' id='word_1_194' title='bbox 934 2525 1081 2607; x_wconf 90' lang='grc' dir='ltr'><strong><em>βούλοιτο</em></strong></span> <span class='ocrx_word' id='word_1_195' title='bbox 1103 2521 1259 2608; x_wconf 84' lang='grc' dir='ltr'><strong><em>τετύχθαι</em></strong></span> <span class='ocrx_word' id='word_1_196' title='bbox 1278 2521 1336 2590; x_wconf 72' lang='grc' dir='ltr'>ὑπ’</span> <span class='ocrx_word' id='word_1_197' title='bbox 1358 2525 1420 2592; x_wconf 51' lang='grc' dir='ltr'><strong><em>αδ*</em></strong></span> 
     </span>
     <span class='ocr_line' id='line_1_24' title="bbox 321 2621 1418 2715; baseline -0.001 -25"><span class='ocrx_word' id='word_1_198' title='bbox 321 2627 375 2715; x_wconf 76' lang='grc' dir='ltr'><strong><em>τῷ,</em></strong></span> <span class='ocrx_word' id='word_1_199' title='bbox 395 2622 515 2708; x_wconf 82' lang='grc' dir='ltr'><strong><em>ύνάγκη</em></strong></span> <span class='ocrx_word' id='word_1_200' title='bbox 533 2627 621 2690; x_wconf 79' lang='grc' dir='ltr'><strong><em>πᾶσα</em></strong></span> <span class='ocrx_word' id='word_1_201' title='bbox 641 2626 697 2689; x_wconf 87' lang='grc' dir='ltr'>καί</span> <span class='ocrx_word' id='word_1_202' title='bbox 714 2627 850 2708; x_wconf 82' lang='grc' dir='ltr'><strong><em>βασιλέα</em></strong></span> <span class='ocrx_word' id='word_1_203' title='bbox 868 2622 924 2691; x_wconf 86' lang='grc' dir='ltr'>τύν</span> <span class='ocrx_word' id='word_1_204' title='bbox 943 2623 1087 2708; x_wconf 81' lang='grc' dir='ltr'><strong><em>γαμβρὸν</em></strong></span> <span class='ocrx_word' id='word_1_205' title='bbox 1108 2621 1259 2715; x_wconf 77' lang='grc' dir='ltr'><strong><em>ἡγεῖσθαι</em></strong></span> <span class='ocrx_word' id='word_1_206' title='bbox 1290 2622 1418 2710; x_wconf 77' lang='grc' dir='ltr'><strong><em>κύριον·</em></strong></span> 
     </span>
     <span class='ocr_line' id='line_1_25' title="bbox 321 2714 1421 2813; baseline 0.001 -27"><span class='ocrx_word' id='word_1_207' title='bbox 321 2725 355 2790; x_wconf 82' lang='grc' dir='ltr'>εδ</span> <span class='ocrx_word' id='word_1_208' title='bbox 380 2724 412 2788; x_wconf 84' lang='grc' dir='ltr'>δ’</span> <span class='ocrx_word' id='word_1_209' title='bbox 438 2723 546 2813; x_wconf 79' lang='grc' dir='ltr'><strong><em>ἐκείνην</em></strong></span> <span class='ocrx_word' id='word_1_210' title='bbox 572 2722 618 2808; x_wconf 72' lang='grc' dir='ltr'>μὴ</span> <span class='ocrx_word' id='word_1_211' title='bbox 641 2723 786 2808; x_wconf 87' lang='grc' dir='ltr'><strong><em>βούλοιτο</em></strong></span> <span class='ocrx_word' id='word_1_212' title='bbox 815 2714 965 2807; x_wconf 71' lang='grc' dir='ltr'><strong><em>ὑπείκειν,</em></strong></span> <span class='ocrx_word' id='word_1_213' title='bbox 994 2721 1051 2789; x_wconf 84' lang='grc' dir='ltr'>καί</span> <span class='ocrx_word' id='word_1_214' title='bbox 1072 2723 1171 2789; x_wconf 76' lang='grc' dir='ltr'><strong><em>αὐτοῦ</em></strong></span> <span class='ocrx_word' id='word_1_215' title='bbox 1192 2723 1421 2812; x_wconf 75' lang='grc' dir='ltr'><strong><em>ἀφίστασθαι,</em></strong></span> 
     </span>
     <span class='ocr_line' id='line_1_26' title="bbox 321 2849 1423 2948; baseline -0.001 -17"><span class='ocrx_word' id='word_1_216' title='bbox 321 2883 387 2931; x_wconf 82' lang='lat' dir='ltr'>sent</span> <span class='ocrx_word' id='word_1_217' title='bbox 401 2883 479 2930; x_wconf 76' lang='lat' dir='ltr'>extra</span> <span class='ocrx_word' id='word_1_218' title='bbox 497 2849 594 2930; x_wconf 88' lang='lat' dir='ltr'>orbem</span> <span class='ocrx_word' id='word_1_219' title='bbox 610 2884 763 2942; x_wconf 75' lang='lat' dir='ltr'><strong>morantes,</strong></span> <span class='ocrx_word' id='word_1_220' title='bbox 784 2883 813 2929; x_wconf 86' lang='lat' dir='ltr'>et</span> <span class='ocrx_word' id='word_1_221' title='bbox 832 2877 882 2948; x_wconf 89' lang='lat' dir='ltr'>qui</span> <span class='ocrx_word' id='word_1_222' title='bbox 899 2877 933 2929; x_wconf 90' lang='lat' dir='ltr'>ab</span> <span class='ocrx_word' id='word_1_223' title='bbox 949 2875 1120 2944; x_wconf 72' lang='lat' dir='ltr'><strong>imperatrice</strong></span> <span class='ocrx_word' id='word_1_224' title='bbox 1137 2883 1230 2929; x_wconf 87' lang='lat' dir='ltr'>essent</span> <span class='ocrx_word' id='word_1_225' title='bbox 1252 2879 1423 2947; x_wconf 71' lang='lat' dir='ltr'><strong>optimates,</strong></span> 
     </span>
     <span class='ocr_line' id='line_1_27' title="bbox 321 2946 1425 3019; baseline 0 -19"><span class='ocrx_word' id='word_1_226' title='bbox 321 2948 424 3000; x_wconf 88' lang='lat' dir='ltr'>milites</span> <span class='ocrx_word' id='word_1_227' title='bbox 444 2947 548 3019; x_wconf 88' lang='lat' dir='ltr'>aliique</span> <span class='ocrx_word' id='word_1_228' title='bbox 566 2947 675 3000; x_wconf 89' lang='lat' dir='ltr'>nobiles</span> <span class='ocrx_word' id='word_1_229' title='bbox 693 2957 860 3001; x_wconf 88' lang='lat' dir='ltr'>sacramento</span> <span class='ocrx_word' id='word_1_230' title='bbox 878 2957 1011 3016; x_wconf 86' lang='lat' dir='ltr'>concepto</span> <span class='ocrx_word' id='word_1_231' title='bbox 1030 2946 1110 3019; x_wconf 77' lang='lat' dir='ltr'>iidem</span> <span class='ocrx_word' id='word_1_232' title='bbox 1126 2948 1251 3016; x_wconf 87' lang='lat' dir='ltr'>utrisque</span> <span class='ocrx_word' id='word_1_233' title='bbox 1262 2950 1425 3018; x_wconf 85' lang='lat' dir='ltr'>imperato-</span> 
     </span>
     <span class='ocr_line' id='line_1_28' title="bbox 319 3017 1423 3086; baseline -0.002 -13"><span class='ocrx_word' id='word_1_234' title='bbox 319 3019 397 3074; x_wconf 78' lang='lat' dir='ltr'>ribus</span> <span class='ocrx_word' id='word_1_235' title='bbox 409 3017 618 3086; x_wconf 80' lang='lat' dir='ltr'>adstringerent,</span> <span class='ocrx_word' id='word_1_236' title='bbox 637 3027 666 3072; x_wconf 86' lang='lat' dir='ltr'>et</span> <span class='ocrx_word' id='word_1_237' title='bbox 681 3020 814 3072; x_wconf 85' lang='lat' dir='ltr'>universis</span> <span class='ocrx_word' id='word_1_238' title='bbox 832 3019 879 3071; x_wconf 89' lang='lat' dir='ltr'>uni</span> <span class='ocrx_word' id='word_1_239' title='bbox 899 3037 928 3072; x_wconf 87' lang='lat' dir='ltr'>se</span> <span class='ocrx_word' id='word_1_240' title='bbox 946 3019 1062 3086; x_wconf 87' lang='lat' dir='ltr'>imperio</span> <span class='ocrx_word' id='word_1_241' title='bbox 1076 3017 1306 3083; x_wconf 87' lang='lat' dir='ltr'>subiicientibus,</span> <span class='ocrx_word' id='word_1_242' title='bbox 1327 3037 1423 3074; x_wconf 84' lang='lat' dir='ltr'>cessa-</span> 
     </span>
     <span class='ocr_line' id='line_1_29' title="bbox 320 3083 1424 3160; baseline 0 -16"><span class='ocrx_word' id='word_1_243' title='bbox 320 3100 366 3144; x_wconf 82' lang='lat' dir='ltr'>ret</span> <span class='ocrx_word' id='word_1_244' title='bbox 384 3090 472 3141; x_wconf 89' lang='lat' dir='ltr'>omnis</span> <span class='ocrx_word' id='word_1_245' title='bbox 491 3083 625 3144; x_wconf 80' lang='lat' dir='ltr'>dissensio</span> <span class='ocrx_word' id='word_1_246' title='bbox 648 3098 677 3143; x_wconf 91' lang='lat' dir='ltr'>et</span> <span class='ocrx_word' id='word_1_247' title='bbox 694 3107 787 3144; x_wconf 88' lang='lat' dir='ltr'>omnes</span> <span class='ocrx_word' id='word_1_248' title='bbox 803 3089 954 3144; x_wconf 74' lang='lat' dir='ltr'>discordiae</span> <span class='ocrx_word' id='word_1_249' title='bbox 967 3089 1115 3160; x_wconf 87' lang='lat' dir='ltr'>aliquando</span> <span class='ocrx_word' id='word_1_250' title='bbox 1131 3087 1243 3140; x_wconf 84' lang='lat' dir='ltr'>tandem</span> <span class='ocrx_word' id='word_1_251' title='bbox 1257 3092 1424 3146; x_wconf 65' lang='lat' dir='ltr'>finirentur</span> 
     </span>
     <span class='ocr_line' id='line_1_30' title="bbox 322 3161 1426 3232; baseline 0.004 -21"><span class='ocrx_word' id='word_1_252' title='bbox 322 3161 517 3231; x_wconf 84' lang='lat' dir='ltr'>Quotcumque</span> <span class='ocrx_word' id='word_1_253' title='bbox 535 3161 619 3231; x_wconf 74' lang='lat' dir='ltr'>igitur</span> <span class='ocrx_word' id='word_1_254' title='bbox 637 3161 667 3213; x_wconf 91' lang='lat' dir='ltr'>in</span> <span class='ocrx_word' id='word_1_255' title='bbox 687 3161 755 3214; x_wconf 87' lang='lat' dir='ltr'>urbe</span> <span class='ocrx_word' id='word_1_256' title='bbox 773 3178 834 3212; x_wconf 86' lang='lat' dir='ltr'>cum</span> <span class='ocrx_word' id='word_1_257' title='bbox 856 3161 1031 3232; x_wconf 79' lang='lat' dir='ltr'>imperatrice</span> <span class='ocrx_word' id='word_1_258' title='bbox 1050 3166 1138 3222; x_wconf 88' lang='lat' dir='ltr'>erant,</span> <span class='ocrx_word' id='word_1_259' title='bbox 1156 3167 1186 3212; x_wconf 85' lang='lat' dir='ltr'>st</span> <span class='ocrx_word' id='word_1_260' title='bbox 1202 3164 1308 3228; x_wconf 78' lang='lat' dir='ltr'>gratias</span> <span class='ocrx_word' id='word_1_261' title='bbox 1330 3165 1426 3232; x_wconf 86' lang='lat' dir='ltr'>impe·</span> 
     </span>
     <span class='ocr_line' id='line_1_31' title="bbox 321 3231 1425 3300; baseline 0.001 -16"><span class='ocrx_word' id='word_1_262' title='bbox 321 3231 406 3286; x_wconf 81' lang='lat' dir='ltr'>satori</span> <span class='ocrx_word' id='word_1_263' title='bbox 423 3246 503 3300; x_wconf 77' lang='lat' dir='ltr'>agere</span> <span class='ocrx_word' id='word_1_264' title='bbox 524 3240 552 3284; x_wconf 86' lang='lat' dir='ltr'>et</span> <span class='ocrx_word' id='word_1_265' title='bbox 569 3240 768 3284; x_wconf 87' lang='lat' dir='ltr'>sacramentum</span> <span class='ocrx_word' id='word_1_266' title='bbox 787 3231 907 3285; x_wconf 79' lang='lat' dir='ltr'>libenter</span> <span class='ocrx_word' id='word_1_267' title='bbox 925 3231 1023 3282; x_wconf 88' lang='lat' dir='ltr'>dicere.</span> <span class='ocrx_word' id='word_1_268' title='bbox 1059 3231 1137 3284; x_wconf 84' lang='lat' dir='ltr'>Foris</span> <span class='ocrx_word' id='word_1_269' title='bbox 1155 3237 1248 3282; x_wconf 86' lang='lat' dir='ltr'>antem</span> <span class='ocrx_word' id='word_1_270' title='bbox 1261 3234 1377 3300; x_wconf 84' lang='lat' dir='ltr'>plures,</span> <span class='ocrx_word' id='word_1_271' title='bbox 1396 3240 1425 3285; x_wconf 86' lang='lat' dir='ltr'>et</span> 
     </span>
     <span class='ocr_line' id='line_1_32' title="bbox 322 3300 1428 3374; baseline 0.004 -23"><span class='ocrx_word' id='word_1_272' title='bbox 322 3301 434 3370; x_wconf 85' lang='lat' dir='ltr'>quidem</span> <span class='ocrx_word' id='word_1_273' title='bbox 450 3301 634 3366; x_wconf 70' lang='lat' dir='ltr'>nobilissimi,</span> <span class='ocrx_word' id='word_1_274' title='bbox 650 3319 800 3372; x_wconf 79' lang='lat' dir='ltr'>repugnare</span> <span class='ocrx_word' id='word_1_275' title='bbox 819 3318 851 3355; x_wconf 84' lang='lat' dir='ltr'>ao</span> <span class='ocrx_word' id='word_1_276' title='bbox 867 3301 1007 3372; x_wconf 80' lang='lat' dir='ltr'>profiteri,</span> <span class='ocrx_word' id='word_1_277' title='bbox 1032 3300 1220 3353; x_wconf 84' lang='lat' dir='ltr'>Cantacuseno</span> <span class='ocrx_word' id='word_1_278' title='bbox 1238 3304 1298 3355; x_wconf 78' lang='lat' dir='ltr'>soli</span> <span class='ocrx_word' id='word_1_279' title='bbox 1319 3323 1353 3358; x_wconf 85' lang='lat' dir='ltr'>ae</span> <span class='ocrx_word' id='word_1_280' title='bbox 1374 3321 1428 3374; x_wconf 88' lang='lat' dir='ltr'>pa-</span> 
     </span>
     <span class='ocr_line' id='line_1_33' title="bbox 322 3371 1428 3441; baseline 0.004 -17"><span class='ocrx_word' id='word_1_281' title='bbox 322 3373 439 3435; x_wconf 86' lang='lat' dir='ltr'>rituros,</span> <span class='ocrx_word' id='word_1_282' title='bbox 485 3377 605 3426; x_wconf 85' lang='lat' dir='ltr'>raeterea</span> <span class='ocrx_word' id='word_1_283' title='bbox 624 3374 736 3426; x_wconf 87' lang='lat' dir='ltr'>nemini.</span> <span class='ocrx_word' id='word_1_284' title='bbox 778 3375 842 3426; x_wconf 82' lang='lat' dir='ltr'>Esse</span> <span class='ocrx_word' id='word_1_285' title='bbox 862 3373 935 3427; x_wconf 89' lang='lat' dir='ltr'>enirn</span> <span class='ocrx_word' id='word_1_286' title='bbox 954 3371 1171 3441; x_wconf 87' lang='lat' dir='ltr'>perabsurdum,</span> <span class='ocrx_word' id='word_1_287' title='bbox 1193 3385 1256 3422; x_wconf 89' lang='lat' dir='ltr'>curn</span> <span class='ocrx_word' id='word_1_288' title='bbox 1284 3382 1333 3428; x_wconf 86' lang='lat' dir='ltr'>tot</span> <span class='ocrx_word' id='word_1_289' title='bbox 1361 3383 1428 3428; x_wconf 83' lang='lat' dir='ltr'>tan-</span> 
     </span>
     <span class='ocr_line' id='line_1_34' title="bbox 321 3389 1428 3514; baseline 0.007 -22"><span class='ocrx_word' id='word_1_290' title='bbox 321 3447 422 3512; x_wconf 84' lang='lat' dir='ltr'>tosque</span> <span class='ocrx_word' id='word_1_291' title='bbox 439 3389 547 3496; x_wconf 81' lang='lat' dir='ltr'>labores</span> <span class='ocrx_word' id='word_1_292' title='bbox 567 3443 642 3496; x_wconf 90' lang='lat' dir='ltr'>bello</span> <span class='ocrx_word' id='word_1_293' title='bbox 661 3443 858 3498; x_wconf 80' lang='lat' dir='ltr'>exantlaverint</span> <span class='ocrx_word' id='word_1_294' title='bbox 875 3443 1091 3514; x_wconf 75' lang='lat' dir='ltr'>facultatesque,</span> <span class='ocrx_word' id='word_1_295' title='bbox 1108 3442 1302 3512; x_wconf 87' lang='lat' dir='ltr'>propinquos,</span> <span class='ocrx_word' id='word_1_296' title='bbox 1333 3453 1428 3500; x_wconf 86' lang='lat' dir='ltr'>semet</span> 
     </span>
     <span class='ocr_line' id='line_1_35' title="bbox 322 3511 1430 3582; baseline 0.005 -19"><span class='ocrx_word' id='word_1_297' title='bbox 322 3513 397 3580; x_wconf 88' lang='lat' dir='ltr'>ipsos</span> <span class='ocrx_word' id='word_1_298' title='bbox 415 3530 465 3582; x_wconf 92' lang='lat' dir='ltr'>pro</span> <span class='ocrx_word' id='word_1_299' title='bbox 483 3512 572 3565; x_wconf 87' lang='lat' dir='ltr'>nihilo</span> <span class='ocrx_word' id='word_1_300' title='bbox 592 3511 755 3577; x_wconf 82' lang='lat' dir='ltr'>habuerint,</span> <span class='ocrx_word' id='word_1_301' title='bbox 781 3523 811 3567; x_wconf 88' lang='lat' dir='ltr'>ut</span> <span class='ocrx_word' id='word_1_302' title='bbox 828 3515 919 3568; x_wconf 81' lang='lat' dir='ltr'>hostes</span> <span class='ocrx_word' id='word_1_303' title='bbox 939 3513 1124 3574; x_wconf 84' lang='lat' dir='ltr'>debellarent,</span> <span class='ocrx_word' id='word_1_304' title='bbox 1151 3515 1205 3565; x_wconf 89' lang='lat' dir='ltr'>iam</span> <span class='ocrx_word' id='word_1_305' title='bbox 1230 3530 1299 3568; x_wconf 87' lang='lat' dir='ltr'>eum</span> <span class='ocrx_word' id='word_1_306' title='bbox 1323 3515 1430 3569; x_wconf 84' lang='lat' dir='ltr'>debel-</span> 
     </span>
     <span class='ocr_line' id='line_1_36' title="bbox 322 3583 1429 3654; baseline 0.007 -20"><span class='ocrx_word' id='word_1_307' title='bbox 322 3583 456 3646; x_wconf 83' lang='lat' dir='ltr'>laverint,</span> <span class='ocrx_word' id='word_1_308' title='bbox 480 3584 742 3654; x_wconf 86' lang='lat' dir='ltr'>repente·ipsosmct</span> <span class='ocrx_word' id='word_1_309' title='bbox 756 3583 910 3638; x_wconf 82' lang='lat' dir='ltr'>debellatos</span> <span class='ocrx_word' id='word_1_310' title='bbox 927 3592 1122 3653; x_wconf 81' lang='lat' dir='ltr'>superatosque</span> <span class='ocrx_word' id='word_1_311' title='bbox 1140 3584 1228 3639; x_wconf 80' lang='lat' dir='ltr'>videri</span> <span class='ocrx_word' id='word_1_312' title='bbox 1253 3595 1285 3640; x_wconf 84' lang='lat' dir='ltr'>et</span> <span class='ocrx_word' id='word_1_313' title='bbox 1305 3587 1429 3642; x_wconf 80' lang='lat' dir='ltr'>subesse</span> 
     </span>
     <span class='ocr_line' id='line_1_37' title="bbox 324 3645 1428 3728; baseline 0.003 -23"><span class='ocrx_word' id='word_1_314' title='bbox 324 3653 399 3716; x_wconf 90' lang='lat' dir='ltr'>illis,</span> <span class='ocrx_word' id='word_1_315' title='bbox 424 3653 526 3724; x_wconf 90' lang='lat' dir='ltr'>quibus</span> <span class='ocrx_word' id='word_1_316' title='bbox 552 3663 580 3707; x_wconf 90' lang='lat' dir='ltr'>et</span> <span class='ocrx_word' id='word_1_317' title='bbox 602 3663 682 3718; x_wconf 72' lang='grc' dir='ltr'><strong><em>καλε,</em></strong></span> <span class='ocrx_word' id='word_1_318' title='bbox 708 3662 763 3708; x_wconf 84' lang='lat' dir='ltr'>tana</span> <span class='ocrx_word' id='word_1_319' title='bbox 787 3645 933 3708; x_wconf 83' lang='lat' dir='ltr'>multarrim</span> <span class='ocrx_word' id='word_1_320' title='bbox 955 3655 1140 3707; x_wconf 85' lang='lat' dir='ltr'>molestiarum</span> <span class='ocrx_word' id='word_1_321' title='bbox 1162 3655 1253 3706; x_wconf 84' lang='lat' dir='ltr'>adbuc</span> <span class='ocrx_word' id='word_1_322' title='bbox 1276 3667 1428 3728; x_wconf 82' lang='lat' dir='ltr'>expertes,</span> 
     </span>
     <span class='ocr_line' id='line_1_38' title="bbox 323 3722 1468 3806; baseline 0.004 -29"><span class='ocrx_word' id='word_1_323' title='bbox 323 3722 436 3806; x_wconf 65' lang='lat' dir='ltr'>subesse</span> <span class='ocrx_word' id='word_1_324' title='bbox 453 3731 599 3794; x_wconf 80' lang='lat' dir='ltr'>poterant,</span> <span class='ocrx_word' id='word_1_325' title='bbox 621 3727 644 3776; x_wconf 93' lang='lat' dir='ltr'>si</span> <span class='ocrx_word' id='word_1_326' title='bbox 662 3726 819 3778; x_wconf 78' lang='lat' dir='ltr'>voluissent</span> <span class='ocrx_word' id='word_1_327' title='bbox 864 3725 910 3778; x_wconf 84' lang='lat' dir='ltr'>Sic</span> <span class='ocrx_word' id='word_1_328' title='bbox 930 3741 981 3794; x_wconf 90' lang='lat' dir='ltr'>per</span> <span class='ocrx_word' id='word_1_329' title='bbox 1002 3723 1139 3789; x_wconf 88' lang='lat' dir='ltr'>triduum,</span> <span class='ocrx_word' id='word_1_330' title='bbox 1168 3743 1204 3778; x_wconf 92' lang='lat' dir='ltr'>ne</span> <span class='ocrx_word' id='word_1_331' title='bbox 1221 3724 1324 3790; x_wconf 85' lang='lat' dir='ltr'>idern,</span> <span class='ocrx_word' id='word_1_332' title='bbox 1347 3729 1432 3804; x_wconf 84' lang='lat' dir='ltr'>quod</span> <span class='ocrx_word' id='word_1_333' title='bbox 1455 3765 1468 3786; x_wconf 78' lang='lat'>,-</span> 
     </span>
     <span class='ocr_line' id='line_1_39' title="bbox 321 3795 1432 3867; baseline 0.005 -20"><span class='ocrx_word' id='word_1_334' title='bbox 321 3803 416 3854; x_wconf 84' lang='lat' dir='ltr'>ceterr,</span> <span class='ocrx_word' id='word_1_335' title='bbox 424 3795 554 3860; x_wconf 86' lang='lat' dir='ltr'>lacerent,</span> <span class='ocrx_word' id='word_1_336' title='bbox 562 3813 616 3850; x_wconf 90' lang='lat' dir='ltr'>neu</span> <span class='ocrx_word' id='word_1_337' title='bbox 628 3797 745 3852; x_wconf 89' lang='lat' dir='ltr'>iunioris</span> <span class='ocrx_word' id='word_1_338' title='bbox 756 3797 928 3867; x_wconf 81' lang='lat' dir='ltr'>imperatoris</span> <span class='ocrx_word' id='word_1_339' title='bbox 936 3799 1029 3864; x_wconf 84' lang='lat' dir='ltr'>iugum</span> <span class='ocrx_word' id='word_1_340' title='bbox 1036 3799 1200 3865; x_wconf 85' lang='lat' dir='ltr'>acciperent,</span> <span class='ocrx_word' id='word_1_341' title='bbox 1208 3797 1432 3854; x_wconf 83' lang='lat' dir='ltr'>renitebantur.</span> 
     </span>
     <span class='ocr_line' id='line_1_40' title="bbox 323 3865 1432 3938; baseline 0.008 -22"><span class='ocrx_word' id='word_1_342' title='bbox 323 3865 529 3919; x_wconf 87' lang='lat' dir='ltr'>Cautacuaenus</span> <span class='ocrx_word' id='word_1_343' title='bbox 548 3867 695 3936; x_wconf 77' lang='lat' dir='ltr'>imperator</span> <span class='ocrx_word' id='word_1_344' title='bbox 713 3866 912 3920; x_wconf 85' lang='lat' dir='ltr'>contumaciam</span> <span class='ocrx_word' id='word_1_345' title='bbox 936 3868 1041 3932; x_wconf 81' lang='lat' dir='ltr'>videns,</span> <span class='ocrx_word' id='word_1_346' title='bbox 1069 3868 1162 3938; x_wconf 89' lang='lat' dir='ltr'>paucis</span> <span class='ocrx_word' id='word_1_347' title='bbox 1187 3883 1219 3919; x_wconf 87' lang='lat' dir='ltr'>ac</span> <span class='ocrx_word' id='word_1_348' title='bbox 1241 3885 1362 3922; x_wconf 83' lang='lat' dir='ltr'>summa</span> <span class='ocrx_word' id='word_1_349' title='bbox 1382 3889 1432 3925; x_wconf 89' lang='lat' dir='ltr'>se·</span> 
     </span>
     <span class='ocr_line' id='line_1_41' title="bbox 322 3935 1431 4010; baseline 0.007 -24"><span class='ocrx_word' id='word_1_350' title='bbox 322 3935 439 3989; x_wconf 79' lang='lat' dir='ltr'>veritate</span> <span class='ocrx_word' id='word_1_351' title='bbox 461 3937 557 4000; x_wconf 78' lang='lat' dir='ltr'>edixit,</span> <span class='ocrx_word' id='word_1_352' title='bbox 576 3938 624 4010; x_wconf 88' lang='lat' dir='ltr'>qui</span> <span class='ocrx_word' id='word_1_353' title='bbox 644 3954 742 4009; x_wconf 76' lang='lat' dir='ltr'>genero</span> <span class='ocrx_word' id='word_1_354' title='bbox 766 3954 860 4007; x_wconf 82' lang='lat' dir='ltr'>parere</span> <span class='ocrx_word' id='word_1_355' title='bbox 879 3939 997 4004; x_wconf 83' lang='lat' dir='ltr'>nollent,</span> <span class='ocrx_word' id='word_1_356' title='bbox 1014 3953 1031 3990; x_wconf 84' lang='lat' dir='ltr'>a</span> <span class='ocrx_word' id='word_1_357' title='bbox 1046 3953 1075 3988; x_wconf 88' lang='lat' dir='ltr'>aa</span> <span class='ocrx_word' id='word_1_358' title='bbox 1093 3953 1205 4008; x_wconf 80' lang='lat' dir='ltr'>quoque</span> <span class='ocrx_word' id='word_1_359' title='bbox 1226 3937 1431 3994; x_wconf 83' lang='lat' dir='ltr'>discederent</span> 
     </span>
     <span class='ocr_line' id='line_1_42' title="bbox 323 4005 1433 4080; baseline 0.007 -23"><span class='ocrx_word' id='word_1_360' title='bbox 323 4005 406 4057; x_wconf 82' lang='lat' dir='ltr'>Nolle</span> <span class='ocrx_word' id='word_1_361' title='bbox 433 4009 561 4080; x_wconf 86' lang='lat' dir='ltr'>cuiquam</span> <span class='ocrx_word' id='word_1_362' title='bbox 585 4006 640 4062; x_wconf 92' lang='lat' dir='ltr'>sibi</span> <span class='ocrx_word' id='word_1_363' title='bbox 659 4007 774 4078; x_wconf 89' lang='lat' dir='ltr'>parendi</span> <span class='ocrx_word' id='word_1_364' title='bbox 792 4009 981 4062; x_wconf 86' lang='lat' dir='ltr'>necessilatem</span> <span class='ocrx_word' id='word_1_365' title='bbox 1003 4013 1160 4077; x_wconf 87' lang='lat' dir='ltr'>imponere,</span> <span class='ocrx_word' id='word_1_366' title='bbox 1180 4009 1433 4078; x_wconf 84' lang='lat' dir='ltr'>quemadmodum</span> 
     </span>
     <span class='ocr_line' id='line_1_43' title="bbox 324 4077 1435 4201; baseline 0.002 -75"><span class='ocrx_word' id='word_1_367' title='bbox 324 4091 376 4126; x_wconf 84' lang='lat' dir='ltr'>nee</span> <span class='ocrx_word' id='word_1_368' title='bbox 392 4077 505 4129; x_wconf 86' lang='lat' dir='ltr'>antehac</span> <span class='ocrx_word' id='word_1_369' title='bbox 522 4079 711 4148; x_wconf 86' lang='lat' dir='ltr'>imposuisset:</span> <span class='ocrx_word' id='word_1_370' title='bbox 731 4079 780 4132; x_wconf 87' lang='lat' dir='ltr'>sed</span> <span class='ocrx_word' id='word_1_371' title='bbox 800 4081 823 4132; x_wconf 90' lang='lat' dir='ltr'>si</span> <span class='ocrx_word' id='word_1_372' title='bbox 841 4080 903 4201; x_wconf 73' lang='lat' dir='ltr'>puis</span> <span class='ocrx_word' id='word_1_373' title='bbox 922 4079 977 4133; x_wconf 90' lang='lat' dir='ltr'>sibi</span> <span class='ocrx_word' id='word_1_374' title='bbox 994 4078 1111 4133; x_wconf 87' lang='lat' dir='ltr'>subdere</span> <span class='ocrx_word' id='word_1_375' title='bbox 1128 4095 1157 4130; x_wconf 88' lang='lat' dir='ltr'>se</span> <span class='ocrx_word' id='word_1_376' title='bbox 1176 4078 1283 4146; x_wconf 83' lang='lat' dir='ltr'>cupiat,</span> <span class='ocrx_word' id='word_1_377' title='bbox 1307 4101 1380 4136; x_wconf 71' lang='lat' dir='ltr'>eum</span> <span class='ocrx_word' id='word_1_378' title='bbox 1403 4091 1435 4134; x_wconf 76' lang='lat' dir='ltr'>es</span> 
     </span>
    </p>
   </div>
   <div class='ocr_carea' id='block_1_3' title="bbox 325 4146 1436 4292">
    <p class='ocr_par' dir='ltr' id='par_1_3' title="bbox 325 4146 1436 4292">
     <span class='ocr_line' id='line_1_44' title="bbox 325 4146 1435 4220; baseline 0.004 -23"><span class='ocrx_word' id='word_1_379' title='bbox 325 4146 516 4216; x_wconf 86' lang='lat' dir='ltr'>imperatorem</span> <span class='ocrx_word' id='word_1_380' title='bbox 542 4165 671 4218; x_wconf 83' lang='lat' dir='ltr'>generum</span> <span class='ocrx_word' id='word_1_381' title='bbox 696 4159 821 4220; x_wconf 83' lang='lat' dir='ltr'>oportere</span> <span class='ocrx_word' id='word_1_382' title='bbox 861 4150 981 4204; x_wconf 85' lang='lat' dir='ltr'>ominum</span> <span class='ocrx_word' id='word_1_383' title='bbox 1003 4165 1163 4217; x_wconf 69' lang='lat' dir='ltr'>agnoscere:</span> <span class='ocrx_word' id='word_1_384' title='bbox 1182 4151 1267 4204; x_wconf 85' lang='lat' dir='ltr'>aliter</span> <span class='ocrx_word' id='word_1_385' title='bbox 1287 4157 1372 4207; x_wconf 89' lang='lat' dir='ltr'>enim</span> <span class='ocrx_word' id='word_1_386' title='bbox 1394 4155 1435 4204; x_wconf 79' lang='lat' dir='ltr'>li.</span> 
     </span>
     <span class='ocr_line' id='line_1_45' title="bbox 325 4216 1436 4292; baseline 0.007 -20"><span class='ocrx_word' id='word_1_387' title='bbox 325 4221 367 4272; x_wconf 84' lang='lat' dir='ltr'>tes</span> <span class='ocrx_word' id='word_1_388' title='bbox 401 4225 429 4270; x_wconf 90' lang='lat' dir='ltr'>et</span> <span class='ocrx_word' id='word_1_389' title='bbox 452 4216 566 4274; x_wconf 88' lang='lat' dir='ltr'>dissidia</span> <span class='ocrx_word' id='word_1_390' title='bbox 589 4237 729 4292; x_wconf 79' lang='lat' dir='ltr'>uunquam</span> <span class='ocrx_word' id='word_1_391' title='bbox 751 4220 891 4278; x_wconf 82' lang='lat' dir='ltr'>sublatum</span> <span class='ocrx_word' id='word_1_392' title='bbox 912 4223 955 4278; x_wconf 78' lang='lat' dir='ltr'>iri</span> <span class='ocrx_word' id='word_1_393' title='bbox 992 4221 1065 4278; x_wconf 83' lang='lat' dir='ltr'>llaec</span> <span class='ocrx_word' id='word_1_394' title='bbox 1083 4223 1246 4292; x_wconf 72' lang='lat' dir='ltr'>imperator,</span> <span class='ocrx_word' id='word_1_395' title='bbox 1278 4239 1345 4282; x_wconf 83' lang='lat' dir='ltr'>uon</span> <span class='ocrx_word' id='word_1_396' title='bbox 1366 4224 1436 4284; x_wconf 81' lang='lat' dir='ltr'>sine</span> 
     </span>
    </p>
   </div>
   <div class='ocr_carea' id='block_1_4' title="bbox 0 0 1565 4928">
    <p class='ocr_par' dir='ltr' id='par_1_4' title="bbox 0 0 1565 4928">
     <span class='ocr_line' id='line_1_46' title="bbox 0 0 1565 4928; baseline 0 0"><span class='ocrx_word' id='word_1_397' title='bbox 0 0 1565 4928; x_wconf 95' lang='lat' dir='ltr'> </span> 
     </span>
    </p>
   </div>
  </div>
 </body>
</html>
