2854 4936
295 251 382 338 388
486 359 491 376 ⁸
679 271 993 340 suuorsnours

298 431 395 494 Lethe
404 405 491 513 pelus
500 428 667 490 inferorum
677 428 718 490 eb
728 425 880 492 oblivione
891 427 1058 506 nominets,
1068 424 1152 516 quod
1160 430 1266 490 mortni
1274 433 1350 494 omui·

298 538 352 576 um
372 535 473 576 rerum
485 514 584 575 huius
613 515 694 574 vites
720 509 948 574 obliviscatur.
989 512 1073 591 Quin
1097 523 1199 574 eutem
1218 513 1353 576 historiuu

249 597 253 604 ’
297 599 419 675 iterum,
440 607 475 658 ut
490 595 573 670 alibi,
594 597 710 677 poetice
728 594 889 676 loquetur,
908 593 1010 656 nullus
1030 595 1157 656 dubitor
1187 607 1219 656 et
1235 607 1276 658 est
1294 597 1353 658 hmt

295 702 418 764 quoque
436 701 497 742 une
518 678 659 750 historiae
683 680 862 761 proprietas,
888 679 932 738 uti
953 679 1077 759 poeticis
1097 677 1238 762 loquendi
1258 683 1356 762 generi-

295 765 372 826 bus:
399 767 431 824 in
454 784 515 846 quo
544 763 623 844 opud
658 763 783 824 Latinos
810 762 989 842 oonspiouus
1021 773 1066 824 est
1090 757 1204 824 Liiius.
1246 764 1359 824 Ovidius

297 849 329 908 in
355 847 454 910 ibim:
481 847 527 908 Et
550 860 601 906 trra
619 847 739 906 lethaeis
765 859 834 906 ncta
854 843 1002 906 dabuuurr
1024 847 1123 930 αραίο.
1160 846 1204 908 Et
1232 869 1257 907 r.
1278 845 1362 906 Trist.

296 928 372 1012 eleg,
393 945 468 1014 μ’
489 931 636 990 Ornctane
658 931 691 990 in
708 948 866 1012 aequoreos
887 927 1024 1000 abierrmt
1046 931 1135 991 ι’ντιλα
1148 935 1270 992 emtor?
1294 929 1365 990 stm-

296 1029 381 1077 ctane
400 1013 523 1073 lethaeis
542 1029 642 1072 merea
650 1013 798 1093 semum
815 1011 929 1156 ppw'st
955 1031 1090 1074 nosris.

379 1098 459 1178 Pag-
478 1097 531 1174 55,
558 1116 605 1161 12.
628 1089 709 1174 ἐμὴν
729 1115 793 1156 om.
851 1142 859 1160 .
879 1103 909 1154 et
929 1103 999 1176 post
1016 1093 1115 1176 μέχρὶ
1129 1092 1201 1160 edd.
1223 1090 1286 1162 sei.

377 1180 455 1262 Peg.
478 1179 531 1256 55,
554 1199 601 1261 ¹7·
623 1197 703 1238 cum
733 1179 821 1262 ipre
848 1197 1005 1262 quoque,
1037 1197 1215 1260 amaguo
1243 1181 1368 1262 imper.

296 1263 452 1346 Agepetus
467 1261 610 1322 diaconus
623 1260 662 1320 ed
673 1262 871 1323 lustinieoum
879 1261 1090 1342 imperatorem
1098 1260 1203 1324 libello
1215 1259 1369 1343 pulcherri-

296 1368 359 1420 mo,
373 1367 434 1428 quo
450 1347 661 1427 imperatorem
675 1347 841 1426 praeceptis
858 1343 977 1406 toruae
999 1340 1186 1428 συγγνώμην
1197 1342 1370 1421 αἰτούμενος

300 1422 550 1510 ἁμαρτημάτων,
572 1426 762 1506 συγγίνωσκε
779 1419 834 1488 καὶ
851 1421 949 1499 aurii
971 1431 1037 1500 τοῖς
1058 1428 1103 1503 εἰς
1121 1428 1159 1490 σὲ
1179 1427 1370 1508 πλημμελοῦ-

297 1533 371 1588 σιν,
394 1504 442 1572 ὅτι
461 1502 576 1591 ἀφέσει
598 1499 920 1591 destituendorum
942 1509 999 1574 καί
1020 1532 1057 1612 sp
1085 1505 1166 1594 πρὸς
1187 1505 1370 1588 ὁμοδούλους

296 1592 388 1674 ἡμῶν
408 1593 586 1677 καταλλαγῇ
611 1585 631 1674 ἦ
656 1591 737 1674 πρὸς
766 1588 842 1655 θεὸν
869 1593 961 1675 φιλία
994 1615 1047 1654 ναι
1075 1592 1240 1666 οἰκείωσις.
1280 1591 1370 1656 simili

297 1679 444 1740 sententie
465 1697 555 1738 usum
574 1679 680 1737 inveni
704 1677 743 1741 D.
772 1675 978 1760 Epiphaninm
1012 1676 1054 1738 ed
1082 1679 1253 1740 Eudociem
1273 1677 1370 1758 sugu-

296 1773 393 1839 stem,
425 1760 553 1821 Arcadii
579 1762 756 1842 coniugem,
783 1757 927 1821 rumille
949 1760 987 1823 de
1007 1761 1127 1823 iniuriis
1147 1762 1207 1824 sibi
1228 1781 1246 1822 e
1267 1759 1369 1820 loanne

298 1843 516 1926 chrysostomo
539 1841 631 1905 illatis
651 1842 749 1906 eidem
773 1855 1020 1924 conquereretur,
1042 1857 1078 1906 ut
1096 1855 1143 1908 est
1163 1843 1262 1928 legere
1274 1845 1305 1904 in
1317 1845 1370 1905 vite

299 1929 433 1989 eiusdem
455 1927 662 2011 chrysostomi
690 1927 768 2010 apud
791 1927 1026 2009 Metnpbrasten.
1060 1947 1193 1994 ronrss.

381 2009 519 2091 Papiri,
535 2031 559 2074 t.
581 2030 745 2092 magnus
763 2012 926 2079 domest.
948 2033 965 2072 e
989 2012 1163 2071 Thracia
1182 2029 1370 2072 reuersus.

300 2093 383 2156 llaec
394 2091 454 2153 elie
464 2090 639 2155 deliberatio
652 2105 706 2161 est.
731 2093 787 2156 llle
802 2097 885 2175 prior
897 2096 977 2156 inter
989 2094 1186 2158 domesticum
1199 2105 1231 2156 et
1241 2094 1372 2176 Syr-gien-

299 2177 425 2238 nemin
459 2175 590 2236 Thracis
616 2178 690 2238 suit:
727 2178 801 2240 haee
828 2181 906 2240 inter
933 2178 1133 2240 domesticum
1173 2188 1206 2238 et
1236 2177 1372 2236 iuniorem

300 2259 510 2321 Andronicum
534 2261 707 2342 suscipitur.
744 2263 787 2324 Et
807 2261 1001 2344 intelligimus
1021 2263 1144 2324 rediisse
1167 2263 1200 2322 ie
1222 2259 1372 2321 Thrseiem

300 2363 446 2488 preprium
478 2342 700 2418 domesticum:
735 2344 885 2429 siquidem
918 2342 1214 2429 Constantinopolim
1248 2359 1372 2406 revermt

323 2447 362 2490 ici
377 2447 423 2489 ur.
457 2446 587 2493 eorus.

383 2510 463 2590 Pag.
486 2507 538 2587 54,
562 2531 593 2578 ο.
611 2507 699 2592 παρὰ
721 2511 780 2575 τοῦ
798 2513 955 2590 βασιλέως
974 2513 1018 2574 Μ.

384 2594 463 2674 Pap.
487 2593 539 2669 54,
563 2595 593 2656 5.
616 2595 858 2694 καταρχομένων
879 2599 924 2656 Μ.

308 2747 320 2771 c
384 2674 463 2758 Peg.
488 2675 539 2756 54,
562 2676 592 2757 4.
614 2675 670 2739 τὸν
694 2681 815 2764 pilosos
836 2680 880 2748 M.
901 2699 959 2764 pro
978 2673 1038 2762 τὴν
1057 2673 1187 2740 α’δικίαν
1220 2687 1252 2740 et
1274 2672 1328 2736 lin.
1349 2669 1374 2733 5.

303 2755 482 2834 οπλίζοντος
505 2771 535 2821 et
548 2758 647 2846 αὐτῷ.

386 2839 465 2924 fag.
490 2841 542 2923 54,
565 2865 613 2910 21.
634 2835 707 2908 ὥστ’
730 2839 815 2926 ἔχειν
835 2846 880 2910 Μ.

385 2924 465 3006 Pag.
489 2925 542 3004 55,
569 2947 615 3011 ¹7·
642 2929 826 3010 Τριβαλλῶν
852 2932 895 2994 Μ.

384 3007 467 3091 Pag.
493 3007 542 3085 55,
565 3031 612 3094 ¹7·
635 3031 658 3072 α
683 3013 816 3074 Crale.
847 3011 966 3075 Nomen
998 3007 1131 3093 Κροὶλης
1167 3031 1269 3094 regem
1304 3013 1378 3068 ml
1418 3077 1419 3096 ,

303 3087 469 3173 Hunguris,
492 3091 640 3175 Bulgsris‚
658 3097 722 3157 sive
737 3095 859 3170 Servus,
873 3095 1084 3170 sclavonibus,
1105 3097 1238 3171 Βοοωίο,
1256 3089 1377 3162 Peioris,
1418 3115 1419 3134 ο

302 3193 322 3232 e
342 3172 457 3254 Kiral,
478 3186 507 3236 et
528 3180 732 3240 contractione
752 3176 839 3244 Krel.
863 3181 939 3242 lude
959 3181 1107 3263 positione
1132 3180 1251 3242 Grsscs
1278 3176 1378 3236 secum
1418 3138 1419 3216 l

303 3251 437 3338 Κρὰλης
455 3279 473 3318 e
494 3272 598 3321 nostro
618 3261 773 3340 historico,
796 3272 827 3324 et
844 3261 993 3326 muliebre
1010 3258 1195 3345 Κράλοινα.
1221 3279 1346 3324 muris.

387 3339 465 3421 Pag.
488 3341 539 3420 55,
561 3365 610 3406 so.
631 3341 723 3432 ὀλίγῳ
747 3347 790 3414 Μ.

386 3421 466 3504 Pag.
490 3425 541 3502 56,
563 3427 594 3488 5.
616 3422 780 3509 παράσχοι
802 3430 846 3494 Μ.

358 3551 366 3558 .
386 3503 465 3587 Peg.
488 3506 541 3584 56,
563 3531 595 3593 9,
617 3509 727 3584 ου’τοῑς
747 3512 790 3577 Μ.

387 3586 468 3670 Pag.
489 3590 540 3669 56,
564 3591 612 3654 16.
632 3586 743 3673 τάχιον
761 3597 807 3662 Μ.
827 3615 889 3679 mg.
910 3617 968 3679 pro
986 3593 1132 3696 sriptura.

384 3667 463 3753 Pag.
489 3673 540 3752 56,
566 3696 611 3758 ¹7·
633 3667 738 3758 ὥσπερ
769 3673 903 3758 ἕρμαιον
936 3678 1141 3762 ἧγησομονος.
1183 3679 1317 3762 ἕρμαιον
1340 3673 1377 3735 di·

305 3753 385 3815 citur
405 3774 464 3835 pro
483 3754 570 3818 lucro
601 3759 765 3840 insperanti
786 3760 922 3842 obiecto,
955 3785 1009 3824 seu
1038 3765 1199 3846 inopinato
1225 3771 1257 3822 et
1275 3759 1377 3822 adven·

303 3837 394 3898 titio:
425 3849 461 3900 ut
486 3860 557 3900 cum
577 3843 645 3922 quis
668 3845 701 3902 in
730 3846 837 3908 itinere
865 3844 980 3930 aliquid
1000 3845 1128 3908 fortuito
1148 3847 1278 3922 invenit,
1310 3837 1378 3926 quel

303 3922 397 3982 etiem
423 3912 548 4003 εὕρημα
578 3937 740 4006 propterea
770 3927 958 4010 appelletur,
983 3931 1071 4012 qussi
1091 3930 1190 4005 dions,
1222 3931 1376 3990 inventum.
1417 3945 1418 3960 ¹

306 4001 388 4063 Hine
409 4005 558 4087 quidquid
577 4007 651 4071 boni
680 4009 768 4072 nobis
795 4013 966 4096 contingit,
999 4015 1219 4096 (praesertim,
1257 4011 1285 4072 si
1304 4027 1378 4092 prse-

306 4093 354 4143 ter
378 4089 550 4165 opinionem
578 4099 670 4174 etque
700 4097 823 4174 spem,)
846 4095 879 4156 id
910 4093 1042 4175 ἕρμαιον
1073 4101 1212 4158 sonetur.
1254 4093 1377 4154 Budseut

308 4164 481 4231 ePletoue
505 4171 537 4232 in
560 4171 724 4237 Phaedone
751 4180 825 4260 poni
853 4180 896 4241 eit
916 4199 972 4263 pro
992 4178 1075 4242 bono
1104 4181 1324 4264 inexspectato,
1348 4189 1377 4233 tt
