2944 4934
348 297 432 404 548
730 327 1046 396 mactationes

343 486 530 570 principatus
544 483 759 548 ecclesiasticos
778 497 809 548 et
830 507 903 550 cura
923 489 1060 558 omnium
1073 486 1271 550 eoelesiarnm
1292 491 1413 575 episcopa

342 570 676 652 Constantinopolitano
696 569 858 634 deferattir.
898 569 1031 632 &nutias
1051 572 1175 653 quidem
1201 583 1252 633 est
1272 575 1415 637 Amtnlius
1467 605 1468 610 ¹

339 653 692 736 Constantinopolitanae
722 657 845 716 antistes
874 675 1020 716 canonem
1052 653 1205 738 quendam
1235 657 1268 716 in
1295 657 1413 720 Gomon

340 735 579 798 calchedonensi
601 738 730 798 condere
750 738 782 798 in'
801 740 941 820 gratiam,
962 738 1156 799 commodum
1171 748 1202 798 et
1216 745 1414 820 praeminen-

339 822 414 880 tiam
435 841 506 882 suae
539 819 635 882 sedis:
677 841 785 882 verum
807 825 891 882 ineo
913 841 1030 882 canona
1050 842 1111 882 non
1133 821 1246 882 tribuit
1267 823 1415 885 Auatnlins
1467 823 1468 886 I

338 923 409 963 cum
431 905 492 965 suis
514 903 633 966 asseclis
663 905 776 986 primas
810 909 948 986 episcopo
978 904 1348 988 Constantinopolitano,
1376 907 1414 970 sal

337 983 500 1048 Romanos
533 987 678 1048 secundas
707 988 810 1048 vdefert
840 988 1202 1070 Constantinopolitano,
1242 1011 1304 1050 nec
1333 990 1414 1052 delet

337 1067 382 1128 illi
403 1091 509 1130 curam
530 1073 667 1132 omnium
688 1070 882 1132 ecclesiarum
901 1071 994 1132 totius
1017 1071 1147 1147 mnndi,
1168 1082 1204 1132 ut
1225 1071 1325 1134 Anna
1346 1095 1412 1135 cun·

335 1151 529 1227 miniseitur,
551 1155 603 1215 sed
622 1155 736 1233 Ponti,
760 1153 872 1232 Asiae,
899 1155 1058 1216 Thraciae
1099 1153 1220 1216 Deinde
1250 1177 1357 1218 canon
1378 1159 1412 1218 ille
1467 1217 1468 1224 ,

334 1233 425 1316 plane
445 1237 635 1318 surreptitius
657 1248 713 1312 est,
735 1236 849 1298 nullius
870 1241 1014 1300 momenti
1033 1249 1064 1300 et
1083 1237 1215 1310 inbonis,
1229 1240 1350 1322 quippe
1362 1261 1412 1323 aps
1467 1289 1468 1302 t

333 1317 457 1381 stolicae
476 1321 554 1381 sedis
574 1320 677 1404 legatis
692 1321 878 1399 absentibus,
890 1343 951 1382 nou
973 1323 1038 1382 sine
1059 1332 1128 1382 amu
1139 1321 1285 1384 conditus
1300 1325 1333 1384 in
1347 1345 1415 1406 pne
1467 1375 1468 1388 t

333 1401 479 1464 iudicium
494 1407 655 1486 praecipue
679 1403 901 1466 Alexandrinae
921 1404 1076 1466 ecclesiae.
1118 1405 1275 1483 Quocirca
1291 1407 1414 1470 altema
1467 1415 1468 1500 l

331 1485 455 1547 condito
484 1509 602 1548 canone
624 1487 692 1564 die,
715 1490 817 1550 statim
840 1487 1043 1550 reclamarunt
1064 1487 1248 1570 apostolicae
1272 1489 1355 1552 sedis
1381 1489 1415 1552 le·

331 1571 404 1650 goti,
428 1589 526 1654 neque
549 1569 614 1633 ullo
643 1569 758 1652 modo,
787 1571 870 1654 qnod
892 1592 948 1652 per
967 1593 1118 1634 summam
1134 1571 1377 1634 baudolentiarn
1391 1586 1415 1634 et
1467 1603 1468 1624 i

330 1653 474 1715 iniuriam
496 1663 599 1716 actum
615 1653 735 1732 fuerat,
770 1653 920 1738 suffragiis
949 1666 980 1717 et
1009 1675 1132 1718 assensu
1154 1675 1211 1718 suo
1241 1657 1416 1740 compium·

328 1746 422 1798 runt:
449 1738 487 1798 de
511 1758 573 1820 quo
594 1737 757 1817 consulat,
777 1740 832 1822 qui
857 1739 946 1821 plura
967 1742 1065 1823 cupit,
1082 1738 1328 1802 illusoissimnm
1350 1739 1415 1800 Car·
1467 1731 1468 1746 ¹

328 1819 461 1882 dinalem
480 1821 645 1883 Baroninm
667 1833 740 1883 tom.
755 1821 785 1885 6.
805 1822 972 1886 Annalium
1000 1843 1081 1884 anno
1100 1822 1216 1884 Christi
1240 1822 1319 1902 451.
1365 1824 1417 1886 lies
1467 1867 1468 1890 r

328 1904 434 1984 refert,
459 1905 542 1988 quod
558 1904 716 1966 Anatolius
741 1907 771 1968 in
791 1908 982 1990 supposititio
1004 1905 1057 1969 illo
1076 1927 1193 1968 maone
1215 1927 1250 1967 se
1270 1907 1370 1970 refut
1383 1907 1416 1968 sd

327 2008 474 2086 caponem
510 1989 637 2052 Concilii
674 1989 1000 2092 Conataptinopolitani
1035 2001 1158 2052 centum
1194 1992 1416 2088 quinquaginta

326 2073 1310 2243 ttgttl{tlulballttttt„tttttntttt{tata
1326 2095 1417 2218 ‘'iii-‘¹
1467 2203 1468 2216 ᾖ

326 2233 410 2300 latur
441 2242 554 2320 Anna3
572 2243 718 2304 secundas
748 2245 831 2303 enim
855 2243 1014 2320 concedit,
1039 2261 1101 2302 non
1127 2243 1253 2323 primas.
1299 2240 1417 2304 Deinde
1467 2227 1468 2310 l

323 2325 396 2404 quia
411 2334 440 2385 et
462 2325 516 2386 iste
539 2345 634 2386 canon
656 2347 691 2387 er
716 2325 822 2387 eodem
842 2326 1016 2387 ambitionis
1033 2325 1122 2386 fonte
1140 2326 1306 2385 manavit:
1331 2323 1418 2386 etrel
1467 2345 1468 2352 ¹

325 2405 358 2465 in
379 2406 432 2468 illo
453 2407 581 2470 concilio
601 2419 727 2471 nonest
756 2409 915 2487 conditus,
947 2407 997 2470 vel
1018 2410 1043 2469 si
1064 2410 1097 2468 in
1120 2405 1173 2468 illo
1197 2407 1419 2492 munimen,

325 2509 344 2549 a
365 2493 480 2572 paucis,
502 2513 565 2554 non
585 2495 650 2554 sine
669 2491 777 2554 fraude
797 2503 826 2554 et
847 2492 965 2554 fallacia
988 2491 1129 2554 conditus
1150 2499 1215 2564 est,
1238 2511 1347 2574 neque
1366 2513 1420 2552 nn·

325 2594 418 2655 quam
437 2595 455 2636 a
475 2585 540 2636 tota
562 2575 679 2660 synodo
700 2587 753 2638 aut
772 2577 913 2658 pontifice
943 2577 1076 2636 Damaso
1106 2573 1279 2658 probatus,
1316 2586 1355 2636 ut
1373 2595 1418 2636 on-

324 2660 410 2738 piose
432 2659 563 2720 ostendit
583 2661 731 2722 Baronius
750 2670 827 2721 tom.
853 2657 883 2738 d.
904 2659 1018 2721 rlnnal.
1038 2679 1120 2720 anno
1142 2656 1259 2718 Christi
1284 2657 1362 2722 581.
1380 2659 1419 2718 Et
1467 2687 1468 2690 ¹

323 2749 425 2801 tamen
438 2745 556 2818 Graeci,
567 2754 597 2804 et
616 2747 648 2804 in
669 2745 716 2805 his
738 2745 899 2825 praecipue
911 2740 1012 2819 Nilus,
1035 2761 1136 2802 arcem
1162 2761 1239 2802 suae
1257 2743 1417 2804 camin

323 2821 372 2884 his
394 2825 541 2907 figmentis
566 2837 595 2888 et
615 2828 789 2910 imposturis
809 2825 969 2887 collocant.
991 2825 1056 2886 Nec
1075 2825 1144 2886 ideo
1164 2825 1415 2907 Romnnnspon-
1467 2863 1468 2932 ,

323 2905 395 2967 tifex
416 2911 580 2990 primatum
600 2931 618 2970 a
639 2909 773 2972 conciliis
799 2920 853 2971 aut
872 2909 913 2970 ab
938 2907 1172 2990 imperatoribus
1193 2906 1315 2982 habet,
1346 2911 1414 2992 qma
1467 2933 1468 2974 t

324 2991 450 3053 concilia
474 3003 504 3054 et
521 2995 740 3076 imperatores,
769 2993 949 3055 nominatim
974 2993 1182 3068 insaniemus,
1212 3001 1368 3052 testanmr
1386 3000 1415 3052 et
1467 2975 1468 3018 l

323 3073 472 3136 definiunt
492 3076 523 3136 in
547 3079 609 3138 suis
630 3077 758 3140 decretis
779 3089 810 3138 et
828 3076 956 3159 legibus,
968 3076 1139 3138 Romanum
1156 3072 1336 3154 pontilim
1352 3093 1416 3136 aa

323 3160 461 3219 omnium
483 3161 629 3242 primum,
652 3165 724 3246 quia
744 3160 792 3222 his
810 3159 1013 3222 sanctionibus
1033 3179 1094 3220 non
1118 3157 1266 3219 tribuunt
1288 3157 1332 3220 illi
1350 3159 1415 3240 psi·

195 3275 202 3285 ·
322 3258 405 3302 marn
425 3252 456 3303 et
484 3264 653 3326 supremam
683 3253 875 3328 potestatem,
901 3243 955 3306 sed
986 3242 1141 3306 declarant
1177 3252 1220 3302 et·
1244 3240 1413 3316 deliniunt,

322 3323 397 3404 quid
420 3324 463 3386 aa
492 3328 560 3388 aare
591 3328 696 3390 arvino
724 3331 889 3408 competit:
914 3326 1006 3408 taque
1035 3325 1118 3409 quoa
1141 3326 1212 3386 tura
1241 3324 1349 3384 anm
1370 3323 1413 3383 nn

321 3410 476 3488 competit,
498 3424 669 3494 competere
680 3413 771 3474 mam
792 3409 901 3472 volunt
922 3413 1078 3487 innocuo,
1100 3408 1160 3469 hoc
1180 3419 1248 3484 est,
1272 3405 1414 3468 ecclesh-

320 3489 395 3551 stico
417 3501 447 3551 et
466 3493 567 3570 civili,
592 3497 841 3580 tamquam.iuris
859 3493 954 3554 divini
976 3495 1165 3574 interprete,
1195 3501 1294 3551 uteo
1313 3493 1413 3551 minna

321 3576 486 3636 auctoritas
511 3586 540 3639 et
562 3590 694 3660 potestas
722 3576 774 3640 illa
801 3577 946 3661 primaria
977 3577 1008 3637 in
1033 3575 1163 3635 dubium
1192 3573 1234 3634 ab
1264 3573 1413 3655 impnnhis

320 3659 456 3718 revocari
479 3663 584 3741 possit.
626 3663 693 3725 Non
720 3665 802 3723 enim
829 3659 962 3742 pontifex
985 3661 1141 3719 Romanus
1161 3658 1282 3737 accepit
1299 3659 1411 3738 prim-

321 3749 388 3801 tum
408 3763 427 3802 a
450 3743 585 3807 conciliis
605 3759 658 3808 aut
679 3745 933 3827 imperatoribus,
954 3741 1006 3802 sed
1028 3741 1068 3802 ab
1089 3740 1166 3818 illo,
1188 3742 1243 3822 qui
1268 3739 1362 3800 Petro
1379 3749 1410 3798 et

321 3825 540 3888 successoribus
561 3833 655 3890 sancti
674 3829 759 3892 Petri
780 3829 812 3888 in
833 3826 926 3888 Petro
945 3825 1042 3886 dixit:
1066 3825 1113 3885 ln
1128 3843 1161 3884 es
1181 3825 1291 3884 Petrus
1309 3837 1339 3882 α
1357 3843 1410 3880 n-

315 3927 374 3990 per
387 3909 467 3969 banc
478 3925 597 3993 petram
618 3923 677 3974 etc.
698 3923 755 3974 etc.
827 3897 1039 3972 ceooesmeiu.
1063 3907 1157 3986 Quod
1176 3905 1254 3968 nulli
1277 3904 1408 3965 excon-
1467 3989 1468 3992 Ἴ

320 3993 595 4075 stantinopolitanis
616 3995 795 4078 patriarchis
825 3993 949 4056 dictum.
993 3991 1074 4052 llaec
1102 3993 1129 4052 si
1151 3990 1238 4051 Nilus
1255 3989 1408 4050 aarum·

319 4083 376 4153 set,
397 4077 498 4139 minus
517 4077 653 4143 fortassis
673 4079 856 4162 ineptiarum
875 4077 907 4136 in
929 4071 1034 4136 libello
1054 4093 1109 4135 suo
1130 4073 1311 4156 deprimam
1323 4089 1408 4152 pa·-

293 4187 298 4196 ·
319 4153 405 4220 tiliois
429 4157 590 4226 effudisset
957 4181 959 4186 ·

401 4237 467 4323 Alii
490 4243 598 4310 Gracci
623 4243 684 4310 alia
703 4246 754 4312 nia
782 4252 813 4306 et
838 4244 957 4310 nunna
984 4240 1151 4325 primatum
1171 4237 1224 4304 ud.
1237 4256 1271 4302 ss
1293 4251 1405 4319 repe!
