2874 4944
277 296 641 368 tu'ctuutcuuatu
674 304 749 368 ua.
778 308 818 370 ιι.
1015 279 1106 396 479

43 456 186 542 ιρωιοΙίω
200 452 361 520 traditione
378 463 550 518 manentem
564 453 665 518 dmiio
678 466 859 520 munerante
882 477 1001 541 semper
1021 464 1103 526 eninr

44 542 152 626 synodis
168 541 226 604 boc
245 559 336 602 curae
351 537 431 614 fuit,
452 559 509 618 ne,
535 549 571 599 ut
598 541 698 622 inquit
714 539 892 604 Vincentius
918 545 1102 624 Lirinensis,

40 625 145 712 aliqum
151 624 274 711 posteris
288 622 462 699 maderent,
482 619 563 704 quod
581 621 668 706 iprae
686 641 710 686 a
721 625 869 768 petridem
888 647 948 688 non
968 630 1104 714 accepir-

37 724 108 784 sen,
127 722 210 794 utque
227 727 287 769 non
299 707 393 768 robur
413 706 446 767 in
464 709 614 789 praesenti
631 727 695 768 rern
756 729 793 770 ne
816 709 1024 792 disponerent,
1046 734 1102 774 ue-

37 813 95 854 run
109 795 198 854 etiem
213 802 284 877 post
296 789 414 869 sidio-ir
438 789 582 874 exempla
595 789 789 874 praeberem,
809 805 841 854 ut
864 806 894 854 et
915 794 977 878 ipsi
993 796 1104 858 rediet

34 888 156 938 nemeae
170 875 323 937 nebulatis
341 872 489 960 &amata
508 873 654 957 colerunt,
677 874 832 960 prusannc
858 895 932 940 nero
956 881 1104 942 metietis

33 958 185 1021 αλιιυειιια
197 959 391 1021 damnarent.

102 1043 242 1104 Ceterum
264 1041 411 1103 hodierna
430 1039 616 1127 Graecorum
642 1040 830 1106 consuetudo
861 1041 986 1108 lluxita
1009 1066 1099 1130 pseu-

31 1123 187 1209 dosynodo,
207 1145 301 1210 quam
320 1124 429 1187 Graeci
448 1135 559 1188 vocent
577 1125 769 1209 nerdqur,
786 1128 1016 1214 qur'nisextam,
1040 1153 1106 1195 no·.

30 1209 100 1270 mina
119 1229 199 1272 novo
221 1221 253 1272 et
271 1219 452 1309 mamonae,
466 1219 503 1308 ut
524 1211 589 1292 ipsa
609 1210 771 1294 appellatio
787 1221 958 1274 monstrum
969 1216 1099 1298 synodi,

28 1291 729 1460 litttfflffitittmutntlttt
743 1299 1102 1456 iffi‘lilmlli

26 1461 122 1542 iugatis
145 1461 270 1524 ordines
290 1461 456 1544 accipiendi
474 1473 506 1524 et
528 1463 670 1547 enniugio
699 1463 776 1525 inito
798 1463 889 1526 etiam
908 1475 978 1545 post
995 1467 1101 1528 initia-

25 1543 127 1606 tionem
149 1544 259 1608 utendi
282 1555 441 1630 potestate,
463 1555 569 1609 contm
594 1555 643 1609 tot
660 1547 850 1610 merularum
874 1552 1102 1614 consessionem

25 1637 52 1688 et
65 1627 103 1690 nb
126 1628 273 1712 apostolia
292 1627 460 1693 derivatam
481 1631 740 1698 consuetudinem.
792 1629 948 1694 Nimirum
969 1631 1023 1695 ubi
1045 1634 1102 1696 de.

23 1715 119 1775 ueaeit
151 1716 272 1793 vinna,
301 1725 339 1776 ut
357 1723 432 1776 tnnc
451 1713 542 1776 fiebat
563 1716 597 1776 in
617 1715 744 1777 Graeela
760 1746 779 1793 ,¹
806 1735 844 1776 eo
869 1717 976 1799 irrepit
993 1735 1102 1780 venus·

20 1791 69 1856 Est
86 1803 188 1862 autem
209 1817 310 1860 canon
334 1795 591 1880 (decimustartiua
609 1800 689 1861 inter
708 1795 909 1878 anllnnoa),
929 1819 1021 1883 quem
1041 1801 1102 1864 hac

20 1877 53 1940 de
70 1901 103 1942 re
123 1881 359 1963 condiderunt,
383 1881 493 1966 pinus
512 1881 631 1945 inscitia
650 1892 680 1944 at
700 1882 876 1959 mendaciis,
897 1893 933 1946 ut
953 1886 1102 1948 Batonius

18 1961 74 2024 fisse
94 1963 430 2029 demonstratum&
470 1965 504 2028 Si
520 1967 602 2028 enim
624 1964 695 2029 ideo
724 1968 855 2030 ministri
878 1967 1023 2032 ecdesiae
1044 1968 1102 2032 de·

16 2043 82 2109 bent
99 2049 166 2112 esse
194 2049 326 2128 mariti,
353 2051 427 2135 quia
457 2049 633 2113 honorabile
658 2051 834 2114 camutburm
858 2053 892 2114 in
920 2052 1054 2114 omnibus
1072 2065 1104 2120 er

17 2129 107 2194 donn
128 2134 366 2220 immundam.-
399 2135 480 2211 item,
496 2135 579 2218 pitis,
597 2133 681 2218 quod
696 2131 779 2196 Deus
798 2135 967 2213 noniurtxit,
987 2135 1027 2197 ab
1050 2138 1104 2198 lio·

13 2217 86 2280 tnt'ne
104 2239 167 2281 non
196 2231 245 2281 est
259 2217 477 2302 repor'arrdurn.
518 2216 686 2300 Denique,
706 2217 779 2300 qnia
798 2216 965 2302 Apostolus
984 2231 1102 2294 monet,

16 2311 46 2358 ut
63 2301 116 2386 qui
129 2321 266 2365 urorum
287 2302 384 2374 nabet,
408 2301 586 2365 sabulonem
609 2321 670 2364 non
692 2314 836 2387 quaerut.-
857 2322 914 2364 cur
936 2323 1000 2364 non
1021 2307 1104 2386 pnti-

13 2393 101 2448 untur
127 2385 228 2448 iidem
250 2381 393 2447 Trullani
426 2383 634 2468 legislatores,
660 2395 696 2446 ut
762 2386 858 2470 iscopi
888 2396 942 2448 aut
961 2387 1104 2450 monachi

11 2485 111 2532 uxores
130 2473 314 2532 retineant?
353 2469 389 2534 Si
422 2467 499 2530 nihil
531 2471 565 2532 in
603 2487 703 2530 ancras
750 2472 854 2533 itterns
890 2473 1102 2544 committitur,

11 2553 128 2631 qnando
155 2551 297 2637 episcopi
328 2563 359 2616 et
382 2551 525 2616 monachi
554 2552 773 2634 aconiugibns
798 2555 1023 2696 rumpantur,
1047 2575 1104 2616 cur

11 2637 199 2722 sacrilegium
220 2635 283 2715 ait,
304 2639 331 2698 ai
354 2636 455 2699 mariti
475 2657 494 2698 n
515 2637 608 2698 neris
627 2635 786 2698 ordinibus
808 2636 889 2717 repel
903 2647 1020 2715 antur,
1050 2649 1105 2700 nna

11 2719 173 2815 tiadmisai
196 2730 285 2796 sunt,
299 2719 519 2820 ⁸.m³.t‘.im⁰¹¹li
531 2739 593 2818 pau
617 2717 770 2818 abatipere
789 2718 952 2817 iubeantur
978 2730 1009 2781 et
1024 2741 1104 2865 ff

11 2821 51 2948 lt
64 2801 895 2970 idtmffiimntittffitttii
918 2823 1030 2970 titt
1051 2825 1105 2948 ἐζ

11 2973 87 3036 tonis
112 2983 147 3037 et
169 2971 273 3034 moria
299 2971 451 3034 rationem
479 2969 581 3032 reddit
604 2969 773 3032 Hieremias
799 2969 992 3052 patriarcha:
1038 2969 1108 3034 Non

11 3057 190 3136 ¹irroramur,
225 3056 328 3138 inquit
340 3097 351 3134 ,
379 3053 574 3141 turpitudinis
605 3053 747 3137 germina
773 3053 872 3115 multa
894 3053 1005 3140 nucipi
1031 3053 1110 3138 inter·

11 3159 54 3218 us,
80 3145 141 3230 qni
155 3139 332 3204 sacerdotes
353 3159 463 3204 ureret
489 3137 629 3221 accipere
670 3137 813 3200 renident.
856 3137 944 3214 Quae
968 3137 1108 3214 retio‚ai

11 3225 69 3304 [uid
91 3225 184 3288 valet
204 3233 316 3287 conus
341 3221 523 3285 coelibatum
547 3241 580 3282 sa
653 3231 759 3298 otum,
785 3218 900 3282 valebit
920 3221 1011 3282 niam
1033 3239 1108 3282 con-

11 3327 42 3368 re
55 3309 257 3372 caelibatum
315 3307 497 3388 iacoporurn,
516 3299 737 3366 monachorum
749 3315 780 3366 et
800 3323 919 3377 eorum,
939 3307 1003 3387 qui,
1024 3325 1108 3365 mor-

11 3411 48 3454 un
68 3413 187 3472 uxore,
213 3393 290 3454 cne'
382 3392 477 3452 vitam
496 3409 586 3474 agere
607 3399 760 3472 coguntur
779 3387 862 3472 apud
884 3388 1025 3464 Graecos,
1043 3389 1108 3450 sive

11 3474 55 3538 int
77 3477 278 3554 secerdotes,
290 3472 499 3552 sivedieconi‚
516 3475 581 3536 aive
596 3473 784 3536 subdianoni.
827 3472 880 3532 An
901 3471 949 3534 isti
969 3493 1005 3534 cx
1017 3493 1109 3533 cerne
1164 3497 1169 3506 ·

11 3567 24 3620 t
52 3561 220 3646 sanguine
243 3577 306 3619 nnn
327 3567 399 3618 aunt
425 3557 652 3641 coagmentati?
692 3557 726 3620 Si
760 3557 810 3618 ini
842 3557 909 3617 sina
934 3554 1111 3618 huiusmorb

11 3645 124 3708 iaculis
146 3653 273 3706 caamm
295 3640 503 3724 integramque
522 3642 617 3704 vitam
640 3641 743 3708 vivere
760 3648 894 3723 queunt,
916 3659 972 3701 cur
993 3659 1057 3701 non
1075 3648 1108 3699 et
1160 3661 1163 3668 ·

11 3725 46 3810 li,
69 3728 127 3813 qui
155 3746 273 3792 recens
291 3722 331 3786 ad
351 3723 525 3796 sacerdotis,
548 3722 669 3785 diaconi
695 3735 750 3786 aut
774 3723 952 3786 subdiaconi
973 3719 1107 3782 officium

11 3815 173 3876 credunt?
222 3807 276 3871 An
295 3827 357 3868 non
381 3817 412 3870 et
432 3807 493 3882 his,
518 3808 598 3868 siin
628 3803 741 3889 flagitia
767 3804 933 3879 labantur,
962 3804 1109 3866 adbibere

11 3907 61 3960 cet
83 3919 122 3961 ea
147 3891 373 3964 medicamina,
402 3911 482 3974 quae
505 3891 675 3952 castitatem
706 3889 849 3971 professis
877 3885 1025 3948 adhibere
1053 3888 1110 3949 iste

11 4003 52 4042 ue
73 3979 267 4043 Hieremias
286 3967 390 4050 refert,
415 3993 530 4055 nosque
552 3993 645 4054 snpra
667 3969 983 4033 commemoravimus.
1028 3969 1111 4056 Epi-

11 4085 115 4150 upum
138 4063 275 4126 nullam
296 4059 416 4122 omiuno
440 4057 597 4118 mulierem
626 4055 738 4116 babere
771 4067 830 4116 aut
854 4073 923 4113 rum
950 4071 992 4114 ea
1019 4053 1110 4114 tnbt·
1160 4087 1166 4096 ·

11 4169 55 4210 tre
77 4144 313 4215 concedimur,
336 4141 435 4224 inquit
455 4139 620 4222 imperator
651 4139 836 4200 lustinienua
867 4133 987 4198 Novell.
1018 4136 1110 4213 raim

11 4233 42 4294 ed
60 4235 93 4294 ri
114 4229 159 4294 id
178 4225 291 4290 minuo
307 4223 516 4294 comprobasse
536 4224 619 4284 oriar
631 4223 758 4302 fient,
778 4222 953 4306 epsicopum
977 4217 1111 4284 deiicia-
