2944 4934
329 297 414 404 Sli
704 319 1014 402 muorlrrome
1126 345 1132 358 ·

327 507 332 562 ᾗ
409 477 602 563 Pag.58,s.
633 474 845 561 interfici.
887 477 999 542 Parem
1025 475 1243 544 comeretur:
1274 478 1399 545 ulfinum

326 587 400 650 prae
423 587 455 626 se
474 563 556 640 tulit,
577 561 662 622 cuius
682 560 741 622 hoc
763 562 878 624 dietum
898 563 929 624 ὅ.
951 562 1064 630 Annal.
1085 575 1170 624 tomo
1194 563 1399 646 prodituram

327 653 512 725 eZonara,
533 649 744 727 imperatorem
765 647 879 706 nemini
901 649 1037 706 omnium
1073 667 1109 706 nc
1129 668 1168 706 ne
1189 649 1255 710 suis
1287 647 1399 728 quidem

326 733 471 795 membris
492 729 620 812 propriis
639 748 761 810 parcere
781 728 907 806 debere,
928 728 1065 812 publicae
1085 730 1320 813 tranquillitatis
1338 752 1400 792 oon·

326 814 491 880 servandac
511 834 611 878 causa.
632 833 763 874 roureu.

411 897 491 978 Pag-
521 896 572 974 58,
595 915 646 956 22.
688 897 727 956 si
747 898 864 966 ¹euim
903 896 970 980 qui
997 897 1127 980 primi
1156 895 1400 960 doctrinan.

328 983 438 1044 inanes
459 989 529 1040 sunt
551 981 634 1054 istae,
655 997 694 1038 ne
714 977 812 1038 dicam
830 999 940 1057 vanae,
970 979 1170 1040 Canmcuaeni
1202 984 1400 1042 excusationes

328 1077 359 1128 et
379 1063 646 1145 tergiversationes,
667 1083 795 1144 quarum
818 1060 928 1122 similes
948 1062 1071 1124 adducit
1085 1061 1177 1144 iiilus
1197 1064 1230 1122 in
1253 1084 1314 1124 suo
1335 1063 1401 1124 lilro

329 1150 367 1212 de
390 1149 485 1210 causis
504 1146 617 1208 dissidii
636 1145 715 1206 inter
736 1145 858 1206 Latinos
877 1155 908 1205 et
924 1145 1064 1210 Graecos.
1104 1144 1189 1224 Quid
1210 1147 1297 1206 enim
1320 1149 1400 1207 ela-

328 1234 419 1306 tinis,
440 1230 616 1312 praesertim
639 1249 655 1286 a
672 1227 863 1310 pontificibus
882 1229 1038 1306 Romanis,
1059 1228 1239 1310 praestitum
1261 1251 1327 1290 non
1348 1241 1401 1306 est,

329 1327 365 1376 ut
390 1315 497 1374 Graeci
530 1333 549 1372 u
576 1314 743 1393 pernicioso
772 1305 932 1374 'schismate
963 1323 1180 1374 revocarentur
1209 1322 1245 1372 et
1272 1313 1317 1374 ad
1334 1313 1402 1372 ovile

331 1397 445 1458 Christi
465 1395 620 1458 redirent?
661 1395 729 1456 lure
745 1394 901 1476 ,praedicet
927 1395 1050 1456 ecclesie
1078 1397 1189 1456 latina
1216 1415 1316 1458 sunm
1344 1417 1404 1474 erge

330 1483 462 1544 Graecos
483 1478 616 1541 studium
635 1475 696 1540 illis
718 1478 837 1556 verbis,
870 1478 981 1560 qtribus
1004 1478 1144 1540 eeclmias
1169 1499 1307 1560 sponsrrs
1326 1479 1403 1540 Clui-

329 1575 395 1626 stne
414 1562 603 1626 sedulitatem
623 1581 709 1624 suam
729 1572 760 1622 et
780 1561 959 1624 desiderium
981 1562 1105 1628 iuvandi
1125 1559 1332 1626 israeliticum
1355 1583 1404 1644 pu·

329 1645 436 1731 pulum
458 1645 629 1711 declaravit.
673 1645 793 1728 Quoties
811 1646 895 1708 voni
908 1665 1086 1728 corrgrrgaec
1096 1645 1190 1728 filice
1211 1659 1292 1725 amr,
1315 1665 1405 1732 qim-

330 1731 492 1794 admodum
519 1729 637 1810 gallina
652 1742 815 1809 mrigregat
828 1729 928 1813 pullos
945 1749 1013 1790 suos
1032 1729 1085 1792 retr
1107 1729 1199 1796 alae?
1220 1745 1252 1792 et
1276 1729 1401 1790 mluism

330 1814 413 1892 Quid
434 1812 601 1876 subdituri
641 1812 720 1874 Ecce
737 1813 795 1874 reli
834 1825 921 1877 usur
937 1813 1020 1874 oobr‘s
1039 1813 1143 1876 domur
1164 1827 1266 1876 amun
1283 1813 1403 1876 deserte·

331 1897 475 1960 Graeciae
495 1899 528 1956 in
547 1895 740 1958 solitudinem
774 1917 790 1956 r
829 1903 914 1958 actae
943 1907 1049 1959 testem
1077 1895 1229 1960 hebemus
1257 1897 1405 1979 aperim-

330 1982 416 2048 tiam.
456 1981 562 2044 Testes
580 1979 813 2058 sollicitudinis,
834 1999 895 2062 que
917 1979 1026 2044 Latine
1048 1979 1172 2042 ecclesia
1192 1983 1345 2042 Graecam
1370 1977 1406 2039 ad

331 2067 400 2125 avia
420 2061 784 2138 errorumdellectentem
805 2065 837 2124 in
858 2063 940 2126 viam
963 2063 1106 2126 redum
1125 2063 1267 2143 studuit,
1288 2062 1408 2124 laudere

332 2169 501 2230 possumus,
523 2155 642 2229 praeter
661 2145 736 2208 alios
756 2144 1013 2225 innumerabiles,
1038 2147 1114 2208 dnos
1134 2167 1272 2208 summos
1291 2146 1407 2229 pontili-

332 2252 382 2294 ces
402 2231 561 2292 Nicolaum
591 2230 650 2292 hcc
668 2231 790 2292 nomine
825 2233 957 2313 primum
973 2241 1009 2292 ct
1029 2230 1163 2294 Leonem
1187 2232 1261 2312 tx,
1282 2250 1408 2313 qum-un

332 2315 504 2396 scriptaad
525 2314 655 2377 Graecos
683 2311 809 2395 plenum
841 2325 1045 2397 testatumque
1065 2315 1202 2386 facium,
1226 2326 1410 2460 Emensus

333 2399 478 2462 Graeciae
501 2397 629 2460 salutem
656 2398 838 2478 quesierint
857 2409 888 2460 et
906 2398 1107 2480 procurarint.
1147 2398 1209 2460 Sed
1274 2410 1410 2459 ameum·

332 2501 391 2562 true
411 2481 559 2544 desiderat
579 2479 737 2563 synodum.
777 2481 896 2544 Eadem
918 2493 990 2544 eunt
1016 2479 1079 2544 Nili
1110 2491 1142 2543 et
1170 2480 1304 2542 aliorum
1330 2491 1409 2542 vota.

332 2563 378 2638 At
397 2567 445 2628 vix
465 2567 604 2647 ignorare
632 2573 749 2646 poterat
769 2565 1013 2643 Gsntacunenus,
1051 2567 1168 2646 quoties
1195 2575 1324 2646 propter
1344 2585 1411 2624 con-

332 2649 493 2728 troversias
512 2651 642 2710 Graecos
669 2649 748 2710 inter
768 2659 798 2710 et
824 2650 948 2710 Latinos
979 2649 1142 2725 excitatas,
1162 2647 1274 2729 synodi
1295 2659 1412 2710 mactet

331 2731 401 2794 unt
444 2731 492 2794 An
512 2752 573 2792 non
594 2730 676 2811 apud
697 2732 808 2793 Beuum
828 2731 1012 2794 celebratum
1032 2741 1077 2792 eet
1096 2730 1262 2794 conscilium
1281 2753 1301 2792 a
1322 2733 1409 2790 Gras-

332 2815 376 2880 cis
397 2813 486 2874 simul
518 2825 548 2877 et
577 2815 691 2875 Latinis
719 2823 855 2897 tempore
884 2815 1000 2876 Urbani
1025 2814 1172 2890 secundi,
1198 2815 1281 2875 cirea
1302 2833 1412 2874 annm

220 2937 226 2950 ·
332 2896 459 2957 Domini
476 2897 587 2973 MXC„
614 2897 648 2961 in
662 2917 733 2978 ,quo
749 2907 870 2962 sanctus
890 2897 1051 2960 Anselmus
1073 2897 1305 2960 evidentissimis
1323 2899 1413 2957 ratio·

333 2979 423 3041 nibus
441 2981 572 3042 Graecos
604 2978 757 3042 considit?
797 2980 893 3042 Cuius
913 2981 1033 3044 concilii
1056 2983 1195 3044 meminit
1218 2984 1285 3063 ipse
1305 2979 1414 3042 Anaei-

334 3083 402 3128 mus
421 3063 500 3129 libro
521 3064 559 3126 de
579 3066 766 3144 processione
786 3067 881 3129 sancti
901 3065 1029 3146 Spiritus
1060 3076 1092 3126 et
1112 3065 1207 3126 firsius
1226 3087 1292 3126 rem
1313 3073 1414 3125 narret
1468 3085 1469 3090 ¹

335 3157 441 3210 unctor
460 3150 541 3210 vitae
562 3146 699 3216 Anselmi
718 3147 828 3226 lium,
850 3150 901 3229 qui
923 3147 1020 3210 eidem
1039 3149 1156 3230 synodo
1176 3149 1327 3210 interfuit.
1367 3148 1415 3208 An

336 3249 398 3290 non
421 3233 481 3310 iam
501 3230 687 3294 celebratum
707 3230 807 3294 fuerat
833 3232 1002 3294 Concilium
1022 3232 1223 3294 Laterenense
1242 3232 1303 3292 sub
1324 3231 1415 3291 luno-

335 3315 434 3375 centio
452 3318 554 3393 tertio,
577 3335 657 3378 anno
684 3314 807 3378 Domini
827 3315 1001 3392 Mccxv,
1025 3313 1058 3377 in
1073 3336 1135 3396 quo
1155 3315 1332 3392 definitum,
1352 3313 1415 3394 Spi-

334 3397 429 3458 ritum
451 3409 589 3460 mactum
607 3419 627 3459 a
648 3399 740 3463 Patre
769 3397 908 3480 Filioque
942 3397 1121 3480 procedere,
1143 3397 1413 3470 comminabar,

335 3479 623 3626 appro‘llrangbussst
642 3481 899 3580 subscribentibus
920 3483 1063 3578 ipsismet·
1073 3483 1223 3579 Graecis?
1267 3480 1414 3580 Qidfi‘

334 3564 1245 3730 iilofiaattltiltil‘ittlli‘itlltiilltr
1265 3585 1416 3710 iffi

335 3739 382 3792 est
400 3728 662 3812 symbolumeurn
687 3731 840 3793 additione
863 3732 1022 3816 Filioque,
1044 3741 1091 3794 ter
1119 3733 1256 3808 Graece,
1285 3745 1335 3794 ter
1361 3733 1415 3791 Le-

335 3815 408 3880 tine.
450 3813 550 3888 Taceo
569 3813 739 3876 Concilium
759 3815 991 3894 Florentinum,
1022 3815 1095 3894 quia
1117 3815 1348 3878 Cantacnaenns
1365 3816 1413 3874 diu

336 3895 422 3958 ante·
439 3896 515 3957 illud
546 3898 648 3958 vivere
677 3897 775 3958 desiit.
817 3899 917 3960 Taceo
944 3909 991 3968 tot
1025 3917 1214 3960 summorum
1242 3901 1413 3981 pontifium

336 3979 495 4124 {luperwhis
515 3980 923 4124 quaoeioiibisdieimiiad
939 3982 1127 4123 'uil‘p‘rdnde
1147 3984 1414 4126 minimepffi

340 4083 540 4239 cilicii
556 4085 610 4160 ¹³⁰⁸
637 4085 979 4228 similist
994 4077 1306 4228 ‘miiitiae
1322 4146 1412 4238 aaa

339 4225 467 4288 Consilii
490 4167 658 4315 Epffit
701 4229 740 4292 Si
769 4233 834 4317 quis
856 4232 889 4292 ire
920 4250 1091 4315 ea„·quae
1112 4233 1177 4296 iant
1208 4233 1283 4296 olim
1309 4229 1413 4294 diiud-
