2874 4944
324 261 412 368 tati
705 269 1016 342 maoranonrs

323 456 389 510 tum
409 439 537 506 sublato
561 437 656 498 sande
675 429 871 506 acclamaret,
894 423 1008 508 aliquot
1037 441 1055 482 e
1086 419 1161 486 locis
1191 421 1370 488 historicorum

323 539 369 590 est
388 527 512 588 discere.
553 515 681 580 Carolus
713 513 853 596 Sigonius
883 506 938 571 lib.
958 507 988 570 6.
1023 505 1061 566 de
1080 507 1208 587 imperio
1236 507 1370 584 occident,

265 633 268 642 ’
323 613 376 674 ubi
393 609 432 669 dc
453 607 572 668 luliaco
598 603 681 682 agite
697 597 788 678 „inde
812 590 1011 656 clamantibus
1030 590 1193 667 universis,
1213 592 1370 674 (proueniant

323 693 455 758 militum
469 692 490 770 ,l
509 699 545 748 ut
565 688 718 766 Augustus
739 689 837 756 esset,
858 677 1001 738 assentire
1024 683 1145 734 mactus
1166 683 1238 750 ost,
1278 676 1370 754 impoti.

323 789 433 859 tusque
456 784 541 836 scuto
562 767 712 851 pedestri,
735 776 765 825 et
786 764 816 823 in
838 759 934 822 altum
958 753 1116 834 sublatus,
1137 754 1252 836 populo
1270 756 1371 831 silente,

322 861 481 944 Augustus
509 847 711 916 renuntiatus''
729 859 787 910 etc.
825 845 958 908 Zonaras
979 841 1009 919 5.
1028 837 1141 900 Annal.
1162 840 1194 898 in
1217 840 1370 908 latinam,

323 943 377 1010 ubi
399 944 460 1023 agit
482 937 521 1000 de
541 934 687 998 seditione
705 927 855 1016 populari,
877 937 943 988 orta
965 919 1251 1003 Constantinopolis
1273 923 1373 1000 „deinde

323 1027 356 1094 ia
380 1025 448 1088 foro
469 1023 685 1094 discursantes,
708 1017 746 1079 de
767 1011 1026 1094 aliolimperatore
1039 1005 1170 1068 creando
1186 1004 1372 1066 deliberamnt.

321 1109 366 1174 Et
394 1105 516 1191 quidem
537 1101 735 1186 ¹imperatoris
755 1094 907 1158 Anastasii
926 1099 1086 1172 cognatum
1109 1089 1277 1174 Hypatium
1301 1093 1375 1164 nam,

324 1193 438 1276 partim
460 1189 610 1258 invitum,
631 1186 742 1266 partim
763 1180 853 1242 etiam
874 1193 1074 1259 persuasum,
1094 1171 1126 1232 iu
1147 1173 1194 1238 Μ.
1215 1172 1374 1234 Constantini

322 1277 424 1342 iorum
444 1271 616 1343 adducunt,
644 1277 734 1348 atque
755 1263 859 1346 clypeo
879 1263 911 1320 in
932 1253 1060 1318 sublime
1081 1253 1216 1330 elatum,
1245 1256 1374 1338 imperata

322 1380 389 1422 rem
409 1354 617 1430 consalutant,
638 1359 669 1415 et
694 1355 840 1430 occupato
858 1339 1001 1404 curriculi
1021 1339 1165 1420 equestris
1185 1337 1374 1416 discumbu-

323 1445 378 1508 stis
400 1437 551 1504 ominibus
570 1429 830 1518 prosequunturl'·
853 1425 931 1486 Satis
954 1423 1025 1488 hinc
1046 1431 1149 1502 patet,
1169 1442 1285 1484 morem
1309 1423 1376 1482 suino

322 1523 381 1585 bac
402 1521 582 1584 caerimonia
602 1515 726 1581 creandi
742 1515 956 1597 imperatores,
971 1507 1002 1568 in
1019 1524 1080 1592 quo
1098 1503 1233 1590 populus.
1255 1505 1301 1570 bic
1314 1527 1374 1568 ern

322 1610 416 1670 citum
437 1615 482 1666 cst
504 1607 645 1667 imitatus.
668 1619 796 1662 norrea.

406 1687 603 1770 Pag.197,2.
623 1680 959 1744 acclamationem.
978 1675 1093 1736 Ponam
1115 1671 1287 1754 exemplum
1303 1669 1378 1732 acrb-

321 1773 491 1837 tnatioaum
512 1769 689 1830 militarium
701 1767 733 1826 in
753 1759 883 1826 creando
904 1761 1096 1840 imperatore.
1117 1755 1303 1837 Capitolinus
1317 1765 1377 1836 pact«

322 1878 415 1938 quam
436 1855 597 1930 narravit,
618 1845 874 1932 quemadmodum
894 1843 1048 1907 Macrinus
1068 1843 1235 1923 imperator
1260 1860 1338 1902 senex
1353 1839 1377 1894 i·

320 1937 400 2000 lium·
420 1937 646 1999 Diadumenum
671 1928 817 1994 militibus
845 1924 1081 1987 commendasset
1114 1935 1144 1985 et
1171 1923 1229 1984 sibi
1253 1941 1376 1984 sueonu-

322 2043 388 2084 rem
408 2024 612 2096 nominasset,
632 2016 841 2087 acclamatum,
864 2008 977 2092 inquit,
1006 2007 1144 2068 Macrine
1169 2007 1211 2066 rin
1258 2047 1259 2052 κ
1309 2027 1331 2082 r,
1344 2001 1377 2062 di

322 2119 350 2170 te
367 2117 494 2165 serment.
534 2098 687 2164 Antonine
701 2095 908 2168 Diadaemece,
931 2089 979 2154 dii
999 2104 1027 2152 te
1046 2105 1172 2152 renuent.
1193 2019 1309 2174 m
1323 2085 1377 2170 cpti-

321 2207 388 2252 mua
402 2187 550 2252 marinam
557 2181 709 2244 Antonino
723 2181 826 2240 udam.
846 2175 1029 2238 Antoninum
1048 2174 1206 2248 hahemus,
1228 2174 1323 2234 omnia
1342 2169 1379 2228 lu·

319 2269 428 2330 benun·
467 2267 651 2330 Antoninum
671 2263 752 2326 nobis
776 2259 824 2322 dii
842 2257 996 2320 dederunt.
1034 2258 1203 2318 Antoniraca
1228 2253 1380 2338 dr'gnruim·

316 2354 416 2440 perro.
456 2352 561 2411 Monet
581 2359 682 2414 autem
703 2342 871 2406 Brissnnius
891 2337 946 2400 lib.
971 2337 1281 2418 formularum,hauc
1308 2331 1379 2396 eccla

321 2437 497 2512 mationem,
509 2433 556 2495 dii
575 2445 602 2491 te
620 2443 737 2492 servent
747 2473 756 2504 ,
771 2423 917 2488 militibus
932 2443 1002 2484 oum
1018 2422 1131 2506 populo
1151 2434 1184 2484 et
1201 2433 1304 2484 senatu
1322 2437 1380 2478 cou-

319 2538 445 2578 munem
465 2515 567 2578 fuisse.
579 2513 647 2578 Lib.
660 2535 706 2578 12.
720 2511 796 2572 Cod.
814 2507 873 2590 leg.
886 2530 912 2574 1.
928 2507 966 2571 de
988 2506 1132 2572 Veteran.
1153 2506 1313 2588 imperator
1321 2501 1380 2560 Can·

320 2604 487 2672 staminas,
512 2621 581 2662 cum
600 2598 751 2660 introisset
772 2591 939 2676 principia,
962 2600 993 2650 et
1012 2587 1161 2652 salutatus
1184 2599 1261 2650 esset
1281 2607 1298 2646 a
1315 2604 1379 2668 prae

319 2684 404 2746 fectis
424 2693 455 2743 et
474 2683 603 2744 tribunis
623 2689 654 2741 et
674 2680 747 2742 viris
766 2675 1021 2752 eminentissimis,
1033 2670 1231 2734 acclamatum
1251 2681 1314 2732 cst:
1333 2663 1381 2724 dc·

317 2781 400 2848 grate
418 2767 623 2840 Constantine,
652 2761 732 2824 Deus
755 2775 783 2820 te
803 2759 886 2823 nobis
912 2771 1026 2822 seruet:
1056 2769 1159 2820 aesna
1185 2755 1285 2830 salta,
1305 2761 1379 2812 nostra

318 2851 417 2914 salas:
438 2871 508 2910 σενα
524 2849 669 2920 dicimus,
689 2846 782 2906 iurati
792 2843 927 2906 dicirnm.
949 2859 1083 2901 ennean.

403 2929 808 3015 Pag.197‚5.purpnro
829 2939 868 2986 et
888 2911 1379 3004 diademare.,curopclca:ta

319 3010 434 3076 δυ’σασι
454 3008 509 3075 τὸν
530 3009 664 3086 σάκκον,
688 3011 821 3072 r'ndm'mr
836 3029 919 3090 sugo.
944 3027 1079 3072 rourum

404 3095 612 3180 Peg.197,7.
634 3089 855 3174 περιτίθεσθαι
877 3093 921 3156 Μ.
943 3111 1004 3172 mg.

400 3180 602 3262 Pag.r97‚9.
625 3190 767 3239 sancta
787 3177 919 3238 missa.
949 3173 1058 3236 Graeci
1085 3168 1266 3236 sacrificium
1298 3163 1379 3225 missa

317 3268 429 3324 'vocant
466 3261 711 3341 μυσταγωγίαν,
741 3253 955 3336 λειτουργίαν,
975 3249 1116 3357 teierp'v,
1141 3245 1378 3336 isporetcornic,

201 3383 204 3402 ι
316 3339 526 3426 προσφορὰν,
556 3344 675 3406 θυσίαν
683 3387 694 3420 ,
717 3351 748 3403 et
773 3363 845 3404 cum
871 3339 1027 3416 adiuncto,
1054 3337 1249 3413 αναίμακτσν
1268 3326 1380 3398 θυσίαν.

317 3419 406 3506 ἱερᾶν
423 3423 478 3486 καί
501 3424 656 3508 φρικῶδες
672 3418 869 3504 μυστήριον,
884 3419 1028 3502 ἀγάπην,
1050 3415 1202 3497 σύναξιν,
1225 3407 1376 3494 adponend-

317 3529 367 3570 αν.
411 3506 504 3572 Unde
531 3521 632 3570 autem
655 3511 763 3571 missae
782 3505 965 3572 vocabulum
988 3503 1124 3578 fluxerit,
1158 3502 1277 3584 plurimi
1302 3493 1376 3556 adhue

316 3593 468 3674 ignorant.
497 3591 571 3652 Post
592 3591 704 3652 lectum
733 3591 943 3674 evangelium,
961 3587 1054 3650 levita
1075 3585 1302 3650 catechumenos
1318 3577 1376 3637 exit*

315 3695 334 3737 e
354 3673 468 3756 templo
488 3674 612 3741 iubebat
630 3675 712 3736 clara
732 3695 818 3740 voce.
859 3675 957 3740 Testis
978 3671 1115 3734 isidorus
1131 3654 1375 3753 etymolngdibl·

314 3779 383 3840 cap.
398 3757 441 3822 16.
483 3759 607 3836 Missa,
628 3761 747 3842 inquit,
768 3772 898 3840 tempore
924 3753 1072 3842 sacrfict'i
1098 3767 1158 3830 est,
1185 3749 1302 3838 ᾳιιαιιᾰο
1317 3754 1376 3802 00²³·

256 3905 261 3920 ,
312 3843 557 3920 claawniffirar
577 3843 749 3914 mimitatur,
775 3843 925 3906 clamante
950 3841 1065 3912 levita,
1093 3839 1123 3902 ai
1138 3837 1205 3918 ᾳιιίσ
1223 3831 1374 3894 marinam

314 3943 368 3984 ma
385 3925 546 3998 remeauit,
571 3939 663 3989 exeat
674 3927 791 4006 foras.-
816 3937 846 3985 et
871 3923 941 3985 arde
965 3923 1077 3998 missa,
1105 3919 1179 4004 qnia
1206 3919 1375 3980 sarmatam

314 4005 422 4067 altaris
445 4010 582 4070 interesse
598 4029 657 4070 non
669 4021 807 4090 possum,
832 4009 887 4092 qni
900 4005 1032 4070 nondum
1051 4003 1220 4084 regenerati
1230 4005 1373 4058 nosnmw·

313 4085 481 4170 Dionysius
511 4113 632 4172 quoque
662 4091 741 4151 libro
761 4092 799 4150 cle
819 4089 926 4152 eccles.
948 4085 1099 4150 hierarch.
1120 4095 1189 4168 post
1211 4077 1373 4165 Psalmnraa

315 4180 421 4230 cantus
448 4183 479 4234 et
500 4195 602 4238 sacrae
625 4174 788 4258 scripturae
809 4174 968 4238 lectionem
989 4173 1049 4250 ait,
1081 4163 1143 4248 ἔξω
1167 4161 1317 4248 γίγνεσθαι
1332 4171 1374 4230 tt:
