3098 4928
391 191 445 312 τίς
803 216 1086 284 σκυτκσοτεπι

230 377 299 434 Μ.
313 369 514 458 ιοήεείρήνης
534 375 706 458 πρεσβείαν
726 373 932 458 ἐποιήσαντο,
956 366 1015 438 οὸκ
1036 373 1185 457 ήνίσχετο
1210 375 1245 438 δὲ
1267 371 1285 436 δ
1304 371 1464 456 βασιλεύς,

384 473 419 540 tri
437 471 482 557 μή
505 470 546 538 eui
568 475 659 558 τείχη
680 469 881 554 καθελόντες,
902 470 936 540 ri
956 477 1078 560 χωρίον
1102 475 1315 541 καταλίποιεν.
1350 474 1384 538 ἐν
1404 473 1466 537 κου’-

388 595 453 650 ιοις
472 575 508 638 δέ
529 570 586 638 eris
606 571 713 658 ὀλίγον
735 575 895 659 τριβέντος
914 571 1053 658 χρόνου,
1074 575 1130 638 καί
1149 575 1213 638 τῶν
1232 572 1384 657 τριηρέων
1403 597 1467 638 νου-

389 673 609 756 πηγηθεισῶι,
640 671 758 748 ναὸτοις
792 695 827 736 τι
854 675 1014 755 κατέλεγεν
1037 667 1054 734 ὁ
1074 668 1227 752 βασιλεῦς
1254 674 1310 736 καί
1332 666 1467 754 ὁπλίτας,

360 769 446 840 Cxei
464 769 503 836 τὰ
534 765 614 838 ἄλλα
643 767 747 836 πάντα
771 767 934 856 ἐξηρτύετο
962 767 1042 856 πρὸς
1070 766 1199 856 μα’χην·
1233 769 1426 855 στρατηγούς
1442 771 1489 835 sei

391 873 527 957 ἐφίστη,
547 879 616 947 sele
636 873 697 952 μὲν
714 869 794 954 πρὸς
814 874 855 959 τῇ
875 871 986 958 Πίσση
1006 873 1094 954 τρισί
1115 866 1259 956 τριήρεσι
1275 867 1471 936 Φαιιεωλὸτον

388 970 444 1038 τὸν
464 969 745 1058 πρωτοστροὶιορα,
765 979 836 1051 ταῖς
857 971 931 1036 δ’ἐν
951 973 996 1058 τῷ
1017 971 1240 1058 Κοντοσκοιλίιρ
1268 973 1472 1054 ναυπηγηθεί-

388 1093 463 1147 σαις
495 1067 732 1156 Τζομπλιέκωνα
762 1067 815 1137 τὸν
837 1071 936 1154 μέγαν
959 1071 1068 1136 δοῦκοι.
1095 1071 1309 1155 ἐφιλονείκησε
1328 1072 1365 1136 δέ
1385 1069 1403 1132 ὁ
1423 1073 1472 1151 μὲ-

386 1194 446 1254 γοις
478 1167 553 1249 toi}
585 1169 825 1258 φιλοτιμότερον
856 1165 1173 1255 προσεξεργάσασθαι
1194 1165 1252 1244 τὰς
1272 1169 1380 1246 ι’δίας·
1401 1161 1472 1254 ήσοκ

386 1269 447 1358 γὰρ
472 1268 529 1334 καί
546 1273 691 1354 μέγισται
711 1273 862 1352 μεγέθει,
897 1267 953 1334 καί
980 1271 1123 1348 ξυλίνους
1143 1265 1314 1353 ἐπιστήσας
1343 1265 1508 1352 πὸργουςιο

388 1373 445 1434 καί
462 1370 537 1445 τοὸς
561 1371 671 1456 ἐρέτας
692 1361 817 1434 ἄνωθεν
837 1371 975 1453 ἐρέψεις,
998 1371 1111 1443 διπλᾶς
1131 1369 1232 1432 ἐποίει
1248 1365 1306 1444 τάς
1327 1363 1474 1452 τριήρεις,

388 1472 445 1536 καί
472 1473 594 1554 πλήθος
624 1467 760 1536 ὁπλιτῶν
790 1469 943 1552 ἐπέστησε
971 1469 1028 1532 καί
1055 1469 1183 1550 ψιλῶν,
1215 1463 1235 1531 ὁ
1263 1466 1320 1532 καί
1343 1467 1475 1550 μάλιστα

390 1567 511 1653 ἐβλαφε
533 1570 611 1634 κατὰ
632 1572 687 1653 τής
707 1567 815 1653 μάχης
831 1565 886 1634 τὸν
908 1565 1040 1652 καιρὸν,
1065 1564 1109 1644 οὸς
1130 1570 1224 1658 ὁλίγφ
1244 1563 1378 1653 ὕστερον
1401 1569 1478 1652 είρή·

389 1694 488 1740 σεται.
530 1672 569 1758 τῇ
590 1673 761 1757 προτεραίρ
782 1670 839 1749 δέ,
863 1658 902 1752 ἧς
924 1663 1055 1748 ἐμελλον
1077 1665 1255 1752 ἀνάγεσθαι
1282 1667 1317 1734 ui
1346 1663 1478 1750 τριήρεις

389 1770 424 1834 ἐκ
452 1773 511 1834 τοῦ
539 1769 689 1854 νεωρίου,
718 1764 816 1843 ὁλκάς
846 1767 1049 1834 δνοπλέουσα
1077 1767 1224 1853 ἐφαίνετο
1245 1769 1281 1832 ἐκ
1303 1769 1334 1830 Γ
1330 1761 1512 1844 eructanti

353 1869 522 1938 Βπλοὸτον
541 1860 687 1952 ῶγοιισοι,
719 1867 762 1944 ῶς
783 1868 922 1950 ἐλέγετο,
943 1865 1053 1932 πολῶν.
1093 1865 1226 1943 οἶπλοίος
1247 1867 1302 1946 δέ,
1323 1866 1389 1930 τῶν
1416 1863 1479 1928 ἐνὲ·

386 1991 456 2049 μων
476 1970 699 2049 παυσομένων,
717 1965 941 2052 κατυσχοιίσης
948 1963 1049 2052 ,πρὸς
1064 1971 1235 2054 Πριγγίπφ
1255 1968 1296 2054 τῇ
1316 1959 1404 2052 νήσιρ
1426 1961 1479 2044 ὁρ-

386 2069 495 2148 μίζοτο
518 2069 566 2134 ἐπ’
575 2066 731 2154 α’γκυρῶν.
772 2070 823 2155 ἐφ’
839 2062 877 2152 ἢν
906 2067 964 2130 δὸο
996 2069 1060 2132 τῶν
1077 2067 1250 2150 βασιλικῶν
1273 2067 1434 2150 τριηρέων
1453 2065 1477 2128 ἐν

386 2167 445 2232 τοῦ
479 2167 610 2249 νεωρίου
639 2162 787 2250 ἐνήγοντο
812 2163 947 2243 νυκτός·
979 2169 1169 2251 παρείποντο
1196 2168 1232 2230 δέ
1259 2167 1315 2230 κοί
1339 2163 1481 2249 μονήρεις

387 2264 470 2332 ἴσαι.
511 2267 569 2329 καί
597 2260 829 2350 προσβαλόντες
853 2268 893 2354 τῇ
921 2262 1052 2346 ὁλκάδι,
1081 2266 1152 2330 ἐπεί
1172 2260 1325 2348 ἤμὸνοντο
1347 2260 1378 2328 οἱ
1401 2261 1510 2328 ἐνδονιο

389 2366 565 2450 κραταιῶς,
578 2367 641 2450 πὸρ
663 2366 787 2430 ἐνίεσαν
807 2363 837 2430 οἱ
855 2373 1014 2451 τριηρίται
1026 2413 1036 2447 ,
1050 2367 1107 2431 καί
1126 2361 1208 2430 οὸτω
1230 2363 1481 2450 περιγενόμενοι,

390 2461 548 2548 ἐπέβησάν
565 2487 599 2529 τε
622 2466 679 2549 τής
700 2463 849 2544 ὁλκάδος,
869 2469 927 2531 eulx
948 2463 1074 2550 ὀλίγους
1093 2469 1157 2530 τῶν
1178 2466 1387 2546 ὁμονομένιον
1409 2463 1481 2526 ἀπο-

389 2566 583 2648 κτείναντες,
606 2563 663 2629 καί
681 2565 805 2630 πάντων
827 2559 907 2650 η’σαν
929 2559 991 2650 ήδη
1020 2565 1136 2651 κὸριοι.
1177 2563 1284 2651 φήμης
1305 2566 1341 2627 δὲ
1363 2559 1484 2646 ὁδήλιυς

388 2671 460 2739 ταῖς
480 2661 640 2749 τριήρεσιν
665 2660 898 2751 ἐπιπεσούσης,
920 2665 965 2743 nie
985 2661 1126 2751 τριήρεις
1146 2667 1351 2730 ἐπιπλέουσιν
1370 2665 1406 2729 ἐκ
1424 2665 1453 2726 Γ
1451 2688 1483 2724 ιι-
1547 2667 1548 2672 ’

458 2799 673 2941 Ξερτρφροηιένου
690 2799 728 2852 nt
745 2815 798 2872 mg.
881 2821 905 2876 η.
924 2800 956 2858 ἐν
972 2802 1010 2874 τῷ
1030 2797 1198 2872 taxantem
1218 2799 1257 2855 ll.
1338 2801 1377 2856 ill.
1397 2797 1486 2868 luey-

391 2991 517 3046 uslttere:
539 2991 702 3060 Imperator,
714 3007 762 3044 eos
774 3006 804 3042 re
813 2989 982 3056 emliturum,
998 3007 1106 3062 negare,
1117 2993 1182 3056 nisi,
1197 3007 1396 3056 muroeverus,
1410 2989 1485 3063 quel

389 3062 444 3114 luci
469 3059 658 3126 vindicarent,
688 3063 887 3133 relinquerent.
933 3063 1101 3134 Consumpto
1126 3065 1156 3116 in
1180 3063 1224 3116 his
1242 3063 1332 3116 multo
1352 3073 1484 3133 ternpore.
1538 3121 1540 3128 ⁴

389 3133 521 3188 coniectis
539 3133 717 3196 triremibus,
739 3136 853 3204 remiges
872 3142 901 3186 et
918 3135 1019 3187 milites
1038 3135 1106 3203 legit
1140 3143 1169 3187 et
1187 3135 1241 3186 eliu
1259 3135 1293 3186 nd
1312 3150 1434 3203 pugnans
1455 3152 1487 3184 o·

390 3203 464 3255 muin
483 3201 637 3267 adornavit,
660 3201 802 3274 ducesque
816 3204 965 3274 praefecit:
983 3204 1039 3258 illis
1058 3205 1171 3276 quidem
1189 3206 1262 3275 apud
1283 3203 1383 3258 Pinnem
1400 3203 1487 3258 ternis

390 3273 548 3325 triremibus
566 3273 757 3327 Phneeolntum
778 3283 1022 3344 protostratorem
1049 3277 1111 3333 aliis
1131 3278 1160 3327 in
1180 3276 1345 3344 lleptascnlo
1364 3283 1489 3331 constru-

391 3345 441 3396 ctis
455 3345 670 3411 Zumplneonem,
688 3361 814 3416 magnum
835 3345 941 3409 ducem,
960 3347 1008 3416 qui
1027 3347 1213 3401 contendebat
1230 3349 1356 3409 enixius,
1374 3349 1491 3412 insuper
1541 3375 1545 3398 ι

390 3431 453 3467 suns
481 3413 629 3468 allabornri
655 3433 686 3468 ue
711 3417 823 3486 perfici:
851 3427 930 3470 erant
956 3417 1030 3470 euim
1053 3419 1164 3472 visenda
1192 3419 1282 3480 mule,
1303 3435 1370 3488 quat
1389 3417 1490 3487 ligneis
1544 3417 1545 3461 l

390 3483 513 3540 turribus
533 3485 687 3556 impositis,
714 3497 742 3540 et
767 3488 917 3558 remigibus
934 3487 1052 3558 desuper
1070 3489 1195 3542 tubulntn
1220 3492 1369 3554 contectis,
1392 3491 1492 3557 (super

393 3575 448 3628 quo
471 3557 559 3624 gravis
579 3566 733 3610 armaturae
752 3566 782 3612 et
806 3561 920 3612 velitum
944 3559 1152 3613 multitudinem
1175 3559 1381 3623 constituebat,
1409 3557 1491 3630 quorl

389 3644 487 3698 magno
507 3629 534 3685 el
553 3627 582 3680 in
603 3645 693 3698 pugne
714 3629 880 3682 detrimento
900 3631 969 3692 luit,
989 3637 1021 3682 ut
1038 3632 1122 3702 paulo
1143 3631 1214 3684 inire
1234 3629 1365 3698 ἐλεεινὴ)
1392 3629 1491 3695 dupli·
1543 3675 1544 3700 ,

360 3729 361 3732 ¹
391 3697 480 3755 enbnl.
524 3697 614 3750 Pridie
641 3715 723 3770 porro
748 3701 825 3752 illius
850 3700 925 3764 diei,
953 3717 1009 3771 quo
1033 3703 1157 3755 triremes
1178 3719 1193 3754 e
1217 3703 1308 3754 nervuli
1328 3699 1492 3755 educendae
1543 3703 1544 3723 ¹

392 3775 479 3830 eraut,
502 3768 638 3833 oneraria,
657 3786 728 3840 quae
747 3773 844 3824 Genus
860 3772 988 3834 solveret,
1006 3773 1036 3825 in
1053 3773 1110 3825 alto
1130 3781 1276 3842 conspectu
1295 3781 1354 3836 est,
1372 3773 1492 3841 maguis,

391 3849 423 3893 ut
450 3837 578 3902 aiebant,
609 3847 706 3894 onuetn
734 3842 847 3895 divitiis.
884 3843 1000 3896 Mnlnein
1026 3852 1116 3896 nutem
1135 3844 1224 3896 ventis
1243 3843 1408 3913 ponentibus
1436 3859 1489 3910 ορ-

392 3927 503 3979 ριοεοο,
532 3909 567 3962 nd
585 3909 718 3982 Principis
737 3914 855 3966 insulem
874 3917 980 3965 ancoris
999 3912 1113 3967 lundntu
1131 3923 1181 3968 est.
1218 3915 1250 3966 lu
1268 3931 1329 3966 enm
1351 3915 1493 3980 enimpe-
1542 3971 1543 3985 η

394 3981 507 4032 saleriis
528 3982 687 4036 triremibus
708 3981 779 4034 dune
815 4001 876 4034 eum
897 3983 1013 4037 totidem
1036 3986 1205 4038 uniremibus
1242 3993 1325 4038 noctu
1352 4003 1367 4038 e
1392 3983 1493 4037 rasati

396 4049 550 4118 proiectae,
572 4053 739 4118 invaserunt,
758 4055 971 4126 rectoribusque
981 4056 1091 4109 fortiter
1108 4073 1136 4108 se
1149 4056 1374 4118 defendentibus,
1395 4055 1497 4122 ignem

395 4121 562 4196 inieceruntQ
580 4129 662 4210 atque
683 4125 720 4178 ita
741 4127 857 4180 victores
875 4129 905 4184 in
925 4143 985 4182 enus
1003 4129 1179 4194 insiluerunt,
1200 4143 1251 4180 nuc
1265 4129 1359 4198 paucis
1371 4125 1498 4178 obtrun-
