2948 4932
320 349 376 412 an
403 347 686 412 cmuacuzuu
715 351 790 414 uo.
813 355 838 415 1.
1040 323 1126 438 top

52 503 131 566 dona
150 504 182 566 in
202 501 347 566 sacrificio
367 501 540 581 offerenda,
560 505 647 585 panis
667 501 778 566 scilicet
815 515 846 566 et
870 506 994 583 vinum,
1033 507 1125 568 iufer-
1215 525 1220 539 ¹

50 599 158 649 rentur
170 586 214 649 ad
234 597 336 648 sancta
356 598 552 663 sanctorum,
574 607 627 648 scu
648 588 686 648 nd
708 587 802 648 altare
818 607 972 651 summum
993 601 1023 651 et
1042 591 1126 672 priu-

49 671 155 753 cipale,
177 671 208 731 in
229 692 292 752 quo
313 671 491 732 sacrificium
511 672 619 730 missae
646 671 862 753 peragebatur,
891 684 921 734 et
947 674 1125 736 eucharistia

48 754 269 819 conficiebatur.
309 755 415 836 ltaque
433 745 552 834 paralip
571 752 682 814 dicitur
700 765 837 838 respectu
854 755 968 836 altaris,
990 757 1029 818 ad
1043 751 1125 839 quod

47 837 130 906 dona
149 837 386 919 perferebantur,
402 838 474 920 quia
494 847 558 896 crat
576 834 668 915 μέγα,
685 841 887 921 pninan'um,
906 851 937 902 et
958 841 1013 922 ipsi
1032 844 1126 901 sacri-

46 921 117 982 licio
124 922 258 1022 ,proprie
278 921 470 982 destinatum.
500 919 543 980 Et
564 918 696 982 fortassis
715 921 845 982 habetur
864 925 955 984 etiam
974 935 1126 1006 respectus

46 1005 85 1065 ad
105 1002 229 1066 εισοδον
247 998 329 1084 πρὸς
345 998 401 1086 τήν
422 998 594 1085 πρόθεσιν,
617 1025 695 1086 quae
713 1007 813 1067 minor
833 1005 893 1068 dici
913 1017 1055 1090 poterat,
1084 1007 1125 1068 ob

47 1085 147 1148 altare
159 1089 263 1148 miuus
273 1099 445 1170 augustum,
462 1096 492 1148 et
504 1085 647 1167 religione
658 1088 872 1153 venerandum.
887 1087 954 1152 Etsi
963 1090 1038 1151 haec
1049 1082 1125 1150 εἴσο-

46 1167 100 1242 δος
115 1191 177 1231 non
192 1171 282 1232 tiebat
296 1171 409 1256 templo
428 1172 510 1252 prius
528 1169 649 1254 uudequ
710 1173 834 1234 eobito.
863 1173 906 1235 Et
917 1172 1037 1236 videtur
1050 1172 1125 1234 haec

44 1253 209 1335 appellatio
219 1253 300 1330 talis,
313 1254 409 1336 qualis
419 1255 499 1337 apud
511 1275 567 1314 nos
580 1275 656 1336 appe
678 1257 739 1316 atio
748 1258 872 1317 canonis
883 1258 1009 1320 minoris
1026 1266 1056 1317 et
1066 1277 1125 1317 ura·

43 1337 130 1404 ioris.
163 1337 247 1398 Haec
261 1338 419 1400 Gretserus
432 1347 545 1416 noster,
567 1358 645 1419 quae
658 1349 757 1401 tecum
775 1344 974 1404 communico.
994 1359 1125 1403 εοστεσ.

50 1417 53 1422 ’
131 1419 209 1503 Peg.
225 1441 297 1498 roo,
311 1419 341 1482 5.
361 1415 517 1500 pravidos.
539 1422 642 1482 (ἱεσοε
662 1421 816 1484 Persicum
835 1427 924 1486 vestie
944 1421 1124 1485 nouaclum

42 1503 206 1581 militaris,
236 1524 342 1566 verum
369 1506 460 1565 etiam
480 1506 513 1566 iu
532 1503 601 1566 soro
634 1515 665 1566 et
685 1527 759 1588 pace
783 1509 929 1586 usitatae,
963 1527 998 1568 cx
1018 1526 1055 1566 eo
1075 1505 1124 1566 di·

40 1597 148 1664 ctum,
166 1585 249 1670 qnod
268 1587 387 1671 corpori
406 1587 613 1663 coniunctum,
635 1609 784 1670 pressum,
805 1611 867 1650 nou
887 1601 987 1652 autem
1007 1588 1122 1668 laxum,

41 1681 72 1731 et
86 1672 119 1730 ei
142 1669 318 1732 admensum
339 1683 424 1735 esset.
445 1671 602 1734 ALatiuis
622 1672 763 1753 penulam
780 1672 927 1756 appellari
942 1673 1124 1756 putatan-

40 1753 118 1814 neb.
139 1750 192 1814 lib.
217 1755 266 1818 25.
289 1775 354 1836 cap.
377 1777 425 1840 ¹7·
466 1753 545 1816 Nam
568 1755 650 1838 quod
671 1757 731 1818 Dio
758 1757 862 1820 scribit
889 1751 1126 1832 incommodo,

43 1831 104 1896 aar*
123 1833 158 1896 ἐν
176 1841 246 1908 τοῖς
265 1831 422 1914 perdione
443 1834 490 1908 εἷς
508 1833 543 1899 τὸ
568 1837 706 1920 θέατρον
724 1838 891 1920 εἶσελθεῖν,
932 1837 1125 1921 Lampridius

40 1917 163 1998 scribit,
175 1919 331 2003 penulatos
351 1924 433 1983 insit
447 1935 637 2006 spectatores,
663 1943 723 1983 non
740 1936 851 2005 togatos
869 1924 915 1984 ad
934 1944 1038 1984 οιιοεσε
1053 1941 1124 1982 con·

38 2003 155 2066 venue.
173 2004 366 2086 Quamquam
378 2005 529 2067 aGraecis
546 2007 636 2066 etiam
645 1998 759 2086 φοινόλ
795 2018 969 2089 usurpatur.
992 2023 1125 2070 ronrar.

127 2085 205 2168 Pag.
221 2107 292 2162 200,
304 2109 338 2171 9.
367 2089 592 2174 deputatus.
645 2027 826 2170 Curopalata
855 2092 889 2151 iu
919 2087 1125 2151 ecclesiasticis

37 2167 127 2231 bunc
146 2170 283 2232 ordinem
306 2173 402 2254 ponit,
415 2172 498 2272 apud
519 2191 610 2256 quem
627 2173 772 2253 scriptum
793 2183 837 2234 est
857 2165 1031 2251 druordroc,
1043 2171 1125 2252 opud

37 2262 182 2314 nostrum
203 2266 303 2314 autern
325 2254 503 2327 denotarer.
543 2253 740 2331 scholiastes,
761 2257 906 2339 quoniam
927 2251 1123 2316 Chartulario

37 2335 245 2418 adiungatur,
274 2335 470 2420 oivrtypnpda
493 2348 580 2400 etex
609 2337 730 2400 Budaeo
751 2341 1049 2401 ‘eontramtulutorem
1077 2339 1125 2397 in·

35 2429 234 2500 terpretatur,
256 2441 347 2502 quem
367 2421 447 2484 vide.
486 2417 665 2495 Δεποτάτος
695 2432 725 2482 et
745 2418 942 2497 δαισωσάτος
964 2423 998 2483 iu
1017 2419 1127 2483 militia

35 2501 117 2588 quid
140 2504 213 2582 siut,
232 2503 325 2566 habes
347 2505 378 2566 in
402 2503 555 2567 Glossario
579 2504 714 2588 Rigaltii.
735 2525 864 2568 rourum

124 2585 203 2667 Pag.
216 2607 287 2664 200,
305 2587 350 2654 ¹6.
368 2587 416 2649 ad
431 2591 587 2650 soleam.
610 2589 737 2648 Nomine
750 2587 848 2650 soleae
857 2589 908 2650 hic
924 2587 1046 2650 videtur
1056 2586 1126 2648 cbo·

35 2689 91 2730 rua
111 2670 314 2751 accipiendus,
332 2673 385 2754 qui
397 2673 531 2754 proxime
543 2691 613 2732 cum
626 2671 821 2732 tabernaculo
837 2673 980 2754 iungitur.
1000 2689 1128 2732 οοετεσ.

124 2751 203 2832 Pag.
218 2775 286 2834 200,
307 2753 355 2815 18.
377 2755 432 2823 ad
448 2769 619 2816 sanctas
637 2756 775 2834 sores.
817 2755 905 2834 Quae
923 2757 1068 2814 nimirum
1087 2751 1126 2814 ad

33 2835 270 2899 tabernaculum
290 2850 321 2900 et
334 2837 373 2898 ad
384 2841 578 2921 praecipuam
590 2835 693 2918 templi
718 2847 836 2922 partem
846 2838 975 2899 ducunt.
994 2855 1125 2898 ronran.

122 2919 352 3005 Pag.200,19.
375 2921 535 3000 xvyxilorv
555 2923 598 2984 M.
622 2941 754 3003 quoque.

124 3001 201 3084 fag.
219 3025 289 3078 nor,
320 3025 344 3069 r.
373 2997 410 3064 τὸ
438 2999 603 3083 λεγόμενον
631 2997 800 3086 μαφόριον.
841 3000 1041 3064 scribendum
1064 3001 1127 3062 uti·
1160 3074 1163 3080 Ι

34 3103 102 3168 que
121 3079 327 3229 ω’μοὲόριον,
357 3085 396 3148 de
416 3108 478 3169 quo
497 3089 540 3148 ita
560 3098 605 3148 est
627 3087 659 3148 iu
679 3086 767 3165 libro,
790 3088 844 3169 qui
866 3075 962 3158 ὄνθος
985 3083 1127 3184 inscpibi·

30 3179 110 3244 tur,
132 3179 164 3230 et
216 3185 303 3232 raeco
326 3170 444 3253 vulgari
472 3173 654 3252 compositus
683 3182 747 3231 est:
790 3163 824 3230 ni
854 3161 1024 3250 ω’μόφορον
1048 3185 1105 3227 oue

29 3248 144 3335 βασκᾷ
166 3243 183 3310 ὃ
213 3248 382 3334 οἶρχιερεύς
408 3253 454 3324 εἰς
463 3247 526 3314 ’τὸν
553 3244 641 3328 ὦμον
667 3241 706 3313 οὗ
732 3251 832 3331 δηλοῖ.
850 3247 886 3314 τὰ
906 3246 1062 3331 πρόβατον
1089 3187 1125 3312 ri

31 3331 276 3414 πεπλανημένον
288 3384 297 3414 ,
322 3329 400 3399 ὅπου
426 3331 443 3396 ὃ
468 3333 607 3418 Χριστὸς
633 3333 819 3417 ἐκέρδησεν,
849 3333 905 3396 καὶ
923 3326 1051 3412 ἐβάλετο
1073 3329 1129 3396 tut

30 3413 93 3478 τόν
112 3405 200 3493 οἷμον
220 3409 331 3500 αὐτοῦ,
348 3415 404 3480 καὶ
418 3412 554 3500 incipero
574 3417 621 3491 εἰς
641 3413 700 3500 τήν
724 3414 809 3500 ζωὴν
827 3413 887 3498 τὴν
911 3412 1047 3484 αἰώνιον.
1072 3414 1129 3478 καὶ

30 3492 94 3559 dcci
121 3499 215 3562 τοῦτο
244 3497 313 3562 ἔναι
334 3497 370 3562 τὸ
399 3481 568 3584 ὤμᾶφορον
593 3499 657 3564 cini
676 3503 734 3562 τοῦ
754 3501 879 3581 partor
892 3500 949 3562 rori
962 3492 1125 3580 προβάτου

29 3574 267 3726 γινᾶμὲνονρλς
287 3583 387 3646 τύπον
403 3587 461 3646 τοῦ
471 3577 631 3666 προβάτου
648 3587 707 3648 τοῦ
721 3585 968 3668 πεπλανημένον.
990 3603 1123 3646 οοεεεε.

117 3709 121 3718 1
196 3669 336 3742 .201,3.
419 3687 447 3730 ει
471 3671 516 3735 Μ.

124 3687 206 3832 Pl}
222 3770 294 3829 εον,
316 3749 346 3827 A.
365 3665 504 3814 ldiiam
528 3751 575 3812 de
593 3754 789 3835 sanguine
814 3751 1002 3830 vivifico.
1034 3747 1125 3830 Apud

28 3834 173 3895 Graecos
197 3835 325 3917 populus
348 3833 406 3896 sub
425 3846 553 3916 utraque
576 3835 674 3916 specie
694 3834 906 3895 eucharistiam
926 3833 1054 3916 percipit
1074 3849 1125 3890 ae-

28 3937 100 3999 que
121 3937 156 3979 ac
177 3913 438 3996 sacerdotes,oum
452 3923 543 3980 sacris
563 3929 739 4000 operantur,
761 3918 879 3978 diverso
899 3927 1000 3977 tamen
1014 3911 1126 3991 mod03
1162 3951 1165 3958 ·

27 4021 111 4060 nam
141 4003 308 4063 sacerdotes
337 4013 368 4063 et
393 4003 492 4064 clerici
528 4005 617 4063 etiam
654 4011 738 4063 extra
768 3999 920 4080 liturgiam
949 3999 1125 4078 sanguinem

26 4085 154 4144 Christi
174 4085 339 4164 hauriunt,
360 4087 426 4168 ipso
451 4086 644 4149 sacro'calice
666 4084 705 4146 ad
725 4105 759 4144 os
783 4083 930 4157 admoto,
963 4101 999 4142 eo
1021 4079 1122 4152 modo,

26 4185 99 4248 quo
129 4170 161 4230 iu
184 4173 294 4232 uostris
324 4170 456 4231 ecclesiis
485 4191 502 4230 a
527 4167 730 4230 sacerdotibus
750 4165 987 4229 sacrificantibus
1008 4164 1039 4223 id
1060 4163 1123 4224 lieri

27 4253 217 4334 consucvit,
246 4265 278 4316 at
311 4254 397 4338 plebs
428 4251 536 4316 tubulo
566 4255 598 4314 iu
629 4253 752 4316 calicem
783 4250 918 4312 immisso
949 4250 1124 4332 sanguinem
