2944 4934
340 300 396 366 ao
427 298 706 368 cmrscuznm
735 300 809 364 un.
838 303 895 367 ιν.
1075 274 1158 364 563

79 475 127 520 rae
145 453 272 538 insignia
292 453 325 514 in
345 450 460 519 vexillis
480 451 656 535 praeferret,
679 473 753 514 cum
772 452 898 516 Venetis
918 451 957 530 ad
977 453 1157 540 Sphmgiam

78 535 218 614 insulam,
240 557 319 620 quae
340 536 511 619 Sapientiae
531 555 642 597 nomen
664 535 768 615 habet,
789 547 895 598 contra
916 537 1081 600 Mothonen
1102 561 1162 604 us-,

77 643 134 704 quc
152 621 229 682 adeo
260 622 369 682 acriter
390 631 420 680 ct
446 619 574 682 feliciter
601 617 753 694 conflixit,
787 631 823 682 ut
844 619 996 682 debellata
1022 622 1156 684 hostium

74 703 174 782 classe,
194 703 336 766 Nicotaus
344 704 483 780 Pisanus,
503 705 556 785 qui
576 702 691 764 Sardoo
709 707 742 764 in
762 706 839 764 mari
860 703 977 766 cladem
998 703 1151 780 intulerat,

75 789 294 872 cumeptinque
314 786 448 850 millibus
468 788 654 848 Venetorum
672 785 803 848 militum
818 799 934 870 captus,
958 790 1096 850 Genuam
1118 793 1150 850 in

73 871 257 953 triumphum
278 871 448 934 duceretur.
489 872 662 935 Genuenses
694 882 797 932 autem
817 870 936 932 liberati
954 892 1013 953 ope
1033 873 1154 934 loannis

75 975 106 1016 se
124 957 249 1018 victoria
268 957 379 1038 potitos
399 965 485 1036 grato
506 957 608 1016 animo
629 954 824 1026 confitentes,
849 975 930 1014 novo
960 956 1081 1016 decreto
1101 956 1156 1016 de-

74 1037 152 1102 ditae
169 1040 298 1100 civitatis
320 1041 399 1114 iura,
420 1059 497 1121 quae
520 1038 641 1099 loannis
660 1049 757 1100 morte
780 1038 959 1115 linirentur,
990 1039 1028 1098 ad
1046 1039 1155 1098 Galea-

75 1121 152 1184 ciurn
179 1125 291 1204 pariter
316 1135 347 1184 et
369 1121 539 1184 Barnabam
565 1119 802 1185 transtulerunt:
833 1123 873 1184 ita
899 1134 933 1180 ut
951 1125 1040 1183 toties
1060 1123 1154 1202 Ligu-

73 1206 135 1266 riae
153 1205 243 1270 urbes
263 1227 283 1268 a
303 1206 403 1268 Corvo
420 1207 552 1268 lennensi
572 1206 781 1288 promontorio
800 1205 841 1266 ad
858 1203 997 1276 Herculis
1018 1207 1155 1266 Moeneci

73 1299 193 1370 portum
219 1291 440 1352 vicecomitum
465 1291 590 1370 imperio
620 1287 834 1350 subderentur.
893 1288 972 1350 Vide
1002 1299 1155 1370 practerea

72 1373 154 1434 Petri
180 1374 280 1436 Bizari
306 1375 476 1436 Genuensis
503 1375 647 1434 historiae
677 1371 733 1433 lib.
749 1370 780 1434 6.
814 1373 898 1437 haud
918 1371 1025 1454 procul
1046 1393 1064 1432 a
1086 1372 1156 1432 frito.

71 1475 199 1520 rounam

154 1537 375 1622 Pag.a5a‚ar.
398 1560 519 1601 ennea
538 1538 833 1602 advertendum
857 1551 895 1598 et
918 1559 1046 1622 epicos.
1082 1537 1153 1596 Stu-

70 1619 297 1701 dictarentur,
320 1627 424 1686 venari
445 1636 475 1686 et
495 1624 638 1706 equitare.
679 1624 786 1685 Horat.
810 1624 842 1684 in
860 1621 964 1688 Poeta
1007 1619 1155 1682 Interea

69 1705 186 1768 iuvem's
202 1708 322 1770 tandem
341 1707 456 1770 nntode
468 1723 579 1770 mmoto
591 1706 702 1788 gaudet
715 1707 799 1790 equis
811 1707 1000 1790 canibusque.
1026 1704 1152 1764 'serent

69 1788 205 1852 Andria:
250 1793 340 1874 Quod
355 1793 439 1874 pler'
457 1814 493 1854 νε
514 1813 614 1854 omnes
632 1792 760 1870 faciunt
778 1788 1004 1864 adolescentuli,
1038 1801 1070 1848 ut
1087 1789 1156 1846 cni-

68 1893 150 1934 mum
169 1873 214 1934 cd
230 1875 361 1959 nlrlyrrod
378 1813 505 1936 ruffum
527 1875 712 1955 adingam,
743 1886 800 1934 ant
821 1893 910 1958 equos
931 1871 1016 1932 alere
1036 1885 1087 1930 aaa
1103 1891 1155 1930 ca-

70 1977 123 2018 nes
151 1957 198 2018 ad
228 1959 410 2024 venandum.
459 1959 612 2020 Adrianus
642 1961 822 2038 imperator,
853 1965 890 2015 ut
921 1965 1026 2014 auctor
1057 1963 1101 2014 est
1123 1954 1154 2014 in

67 2039 135 2102 eius
153 2043 216 2100 vita
236 2040 425 2123 Spartianus,
448 2064 543 2124 equos
562 2053 593 2104 et
612 2061 702 2102 canes
722 2040 766 2101 sic
786 2042 912 2116 amavit,
932 2048 967 2098 ut
989 2039 1032 2099 eis
1055 2035 1155 2120 sepul·

67 2143 122 2184 cra
140 2124 347 2188 constitueret.
370 2147 500 2189 aornar.

150 2207 316 2289 Papam,
341 2229 370 2268 a.
393 2231 469 2294 per
501 2209 544 2270 id
572 2222 725 2292 tempus
752 2205 871 2268 modo.
920 2203 1018 2285 Supra
1051 2201 1155 2264 tint.
1199 2228 1201 2243 ⁴

68 2310 138 2371 cap·
153 2290 204 2374 95.
224 2291 418 2354 Theodoram
445 2292 538 2354 liliam
570 2292 708 2354 Orcheni
738 2292 858 2352 'l'urcae
884 2287 1063 2369 desponsam
1086 2285 1154 2346 lau-

66 2373 168 2450 davit,
190 2395 272 2436 nunc
294 2375 441 2438 Helenam
462 2375 634 2458 Palaenlogi
665 2377 834 2455 coniugem.
877 2373 1008 2432 Mariam
1033 2372 1155 2430 tertiam

65 2456 161 2518 filiam
192 2457 356 2541 Nicephori
390 2461 532 2544 despotae
566 2480 691 2522 uxorem
721 2456 858 2522 laudabit
892 2454 972 2516 infra
1006 2473 1071 2536 cap.
1101 2453 1154 2530 45.

64 2560 198 2604 rnnrau.
1006 2589 1008 2594 ,

151 2623 317 2708 Pag.257,
333 2646 379 2708 ¹7·
409 2627 693 2708 imperatorem
721 2623 910 2702 designet.
951 2617 1036 2680 Idem
1063 2637 1155 2698 supra

61 2705 223 2791 petebatur
243 2707 301 2768 hoc
322 2707 402 2768 libro
421 2719 450 2768 et
476 2706 613 2788 ungebat.
656 2707 715 2768 llic
746 2705 834 2766 aliter
860 2704 970 2780 sentit3
1004 2699 1079 2763 nihil
1107 2711 1155 2760 ta·

62 2811 149 2866 men,
170 2801 205 2853 ut
225 2795 258 2854 in
279 2813 315 2853 re
334 2793 456 2854 maximi
481 2793 650 2867 momenti,
676 2801 790 2852 temere
822 2786 1019 2848 statuendum
1040 2792 1153 2849 censet.

63 2895 198 2940 ronran.

149 2955 319 3038 Pag.s58,
339 2979 385 3041 ¹7·
414 2956 512 3043 quid
539 2956 711 3040 imperio
734 2954 876 3022 maius.
918 2951 970 3016 Ad
997 2947 1152 3012 Nicoclem

62 3043 234 3104 Isocrates:
251 3039 397 3119 βασιλεία
411 3040 476 3102 τῶν
495 3031 705 3120 ἀνθρωπίνων
720 3031 915 3118 πραγμάτων
924 3029 1073 3117 μέγιστόν
1088 3031 1155 3092 ἐστι

61 3125 122 3188 καί
140 3124 280 3197 πλείονος
303 3122 450 3204 προνοιῖνς
472 3118 629 3198 δεόμενον.
653 3143 784 3186 ronrrn.

153 3205 318 3291 Pag.·298‚
337 3208 383 3270 18.
416 3209 606 3287 magister
631 3219 667 3266 et
698 3205 779 3266 dux
809 3204 977 3280 erroris,
1017 3199 1155 3260 Mato-

60 3304 215 3365 metus,
252 3292 370 3376 plane
395 3291 495 3376 ipsis
523 3291 741 3373 persuasit.
789 3288 856 3350 Nou
886 3287 1024 3350 nominat
1044 3282 1153 3346 Maho-

60 3386 185 3436 metum
205 3373 449 3451 Cantacucenus,
476 3394 546 3433 eum
566 3382 667 3432 tamen
688 3370 816 3454 intelligi
836 3371 1037 3432 certissimum
1057 3376 1155 3427 estex

59 3460 132 3540 ipsa
156 3459 305 3520 sententia
326 3455 551 3533 Mahometana‚
572 3477 682 3538 nempe
702 3452 872 3517 immortale
893 3453 1060 3536 praemium
1080 3469 1156 3509 cnu-

56 3551 241 3602 secuturum
271 3551 339 3622 post
365 3551 516 3614 mortem,
547 3541 601 3620 qui
628 3539 668 3600 de
685 3537 908 3600 Mahometanis
935 3546 1041 3596 contra
1063 3531 1154 3592 Chri-

56 3627 182 3686 stianos
201 3645 341 3706 pugnans
358 3635 412 3684 aut
432 3622 621 3700 occubuerit,
642 3632 696 3682 aut
718 3621 975 3704 quamplurimos
997 3615 1153 3678 occiderit.

55 3709 111 3768 De
142 3711 259 3789 origine
280 3705 446 3768 Mahometi
473 3716 504 3766 et
531 3705 755 3766 Mahometismi
778 3703 929 3767 videndus
962 3701 1096 3761 Zonaras
1122 3697 1155 3755 in

57 3791 211 3854 Heraclio
235 3795 423 3872 imperatore.
445 3809 578 3855 roscen.

148 3872 234 3954 Peg.
248 3873 319 3946 312,
333 3875 361 3936 5.
382 3874 557 3955 topicam.
601 3866 808 3930 Probabiliter
822 3878 910 3950 putat
920 3868 1080 3925 Gretserus
1098 3879 1155 3919 no·

53 3967 137 4036 ater,
151 3957 195 4018 sic
207 3958 323 4017 dictum
341 3955 399 4015 hoc
412 3975 506 4036 genus
521 3951 674 4036 vectigalis
684 3949 771 4032 παρὰ
789 3947 823 4012 τὰ
839 3954 960 4010 concion
979 3967 1032 4006 scu
1047 3942 1168 4014 τοπίον

51 4061 115 4102 scu
139 4033 294 4122 τοπὴϊον,
319 4038 402 4121 quod
431 4045 476 4097 est
502 4035 602 4114 lunis,
629 4033 742 4095 rudens
769 4045 819 4112 et,
841 4043 875 4092 ut
903 4035 946 4092 ait
969 4026 1153 4110 Hesychius,

54 4115 150 4183 ὅπλα
172 4117 273 4198 νεώς,
309 4119 455 4200 σχοινία,
488 4111 604 4196 κάλοι,
635 4137 670 4178 cx
696 4137 826 4200 quorum
851 4113 1044 4190 venditione,
1066 4121 1102 4171 ut
1121 4112 1154 4168 in

52 4205 191 4270 civitate
211 4206 374 4280 maritima,
399 4201 525 4286 vectigal
546 4211 669 4286 captum
688 4221 766 4284 esse,
785 4195 1075 4266 averieimilitudine
1094 4213 1155 4254 non
