2944 4934
220 263 222 268 ,
333 217 889 287 commurmurant
1057 195 1203 284 535²

68 394 173 436 manua
189 375 373 440 Graecorum
388 378 579 460 imperatoria
595 374 734 439 Balduini
754 376 793 436 ll.
813 376 961 461 symbola,
971 377 1060 464 ’quae
1072 383 1142 466 qui·

67 459 137 519 dem
154 459 227 521 haec
249 461 376 524 suerint:
411 461 566 545 calyptra,
589 459 703 520 formae
723 461 839 522 Latinis
867 463 995 526 usitatae
1009 475 1039 524 et
1053 468 1143 528 unio-

69 543 158 603 nibus
180 543 342 621 distincta,
374 566 443 606 eum
466 544 568 626 lapillo
590 543 675 603 rubri
699 543 808 604 coloris
831 545 863 604 in
884 549 996 606 vertice
1014 551 1141 630 capitis3

67 623 266 688 calceamenta
284 649 373 690 cocco
396 629 511 704 tincta;
536 623 670 710 gladius,
690 625 800 709 vagina
826 626 864 688 de
886 631 1016 690 coccinei
1033 632 1142 694 coloris

66 711 162 771 aerico
183 710 280 791 iacta,
303 713 437 776 restitus.
457 731 585 772 rorrar.

149 791 350 888 Pag.479,1l.
373 791 633 874 Chariopoli.
672 791 792 856 Tureae
817 804 925 855 vocant
945 793 1036 858 hodae
1060 797 1141 858 Che-

64 874 192 958 repoliu.
233 877 285 937 Ab
307 875 480 940 Atheniensi
504 877 615 937 Charta
648 874 728 936 dicta
756 877 821 939 fuit.
862 877 937 937 Nam
964 892 1142 962 praepotens

64 961 144 1020 mari
164 958 294 1042 populus
310 961 501 1022 Atheniensis
524 971 594 1020 ante
617 956 730 1018 bellurn
751 959 1049 1042 Peloponnesiacum,
1071 985 1143 1044 pro·

64 1051 133 1122 pter
153 1042 381 1125 amplitudinem
415 1042 515 1105 classis
545 1053 583 1104 et.
599 1062 688 1102 usum
719 1063 822 1104 rerum
848 1043 1022 1124 navalium,
1048 1047 1143 1107 Cher-

64 1145 206 1185 ronesum
238 1149 308 1192 curn
355 1127 461 1188 maiori
503 1138 589 1206 parte
620 1125 788 1187 maritimae
819 1126 967 1188 Thraciae
1004 1151 1039 1188 ac
1075 1131 1143 1192 Ma·

65 1205 237 1289 cedoniae,
272 1229 343 1272 cum
376 1209 523 1271 Perintho
550 1211 648 1288 (nunc
679 1209 851 1282 Acachia,
880 1211 962 1293 quod
981 1212 1072 1274 'idem
1098 1224 1143 1275 est

63 1311 136 1350 cum
158 1293 340 1372 Heraclea,)
371 1315 441 1355 cum
472 1290 628 1374 Selybria,
654 1313 724 1352 cum
745 1295 811 1376 ipso
837 1295 980 1377 Byzantio
1010 1298 1144 1376 posside-

64 1371 141 1436 bate
181 1377 213 1436 in
237 1397 332 1458 eaqrre
367 1375 433 1438 loca
469 1373 558 1437 semel
588 1385 761 1457 occupata,
794 1378 927 1439 coioniae
955 1378 1141 1459 deducebat,

61 1456 254 1540 Thucydide,
275 1460 478 1546 Xenophonte
500 1470 590 1542 aque
618 1458 685 1520 aliia
706 1459 832 1522 tectibus
852 1471 908 1522 etc.
929 1459 1140 1524 Leunclavius.

62 1559 198 1608 rorran.
873 1575 875 1580 .

146 1622 222 1706 Pag-
232 1623 303 1704 480,
313 1623 343 1693 5.
364 1626 477 1688 uelut
498 1645 610 1711 aper.
651 1623 725 1686 ideo
747 1625 865 1686 Horat·
882 1626 952 1694 Ode
976 1649 1007 1686 a.
1028 1627 1142 1709 Epod.,

58 1705 151 1766 Maro
171 1707 273 1790 ecloga
300 1729 346 1770 ro.
368 1730 452 1771 acres
484 1709 679 1770 nominarunt
701 1730 810 1790 apros,
841 1709 880 1769 ad
899 1722 1040 1770 naturam
1062 1709 1143 1772 illius

58 1787 175 1851 hestiae
190 1792 397 1856 truculentam
420 1793 623 1873 respicientes.
663 1793 806 1852 Eiusdem
825 1804 985 1869 naturam,
1007 1814 1144 1874 praeuer-

57 1873 157 1932 tima
185 1876 380 1936 venatoribus
410 1877 596 1958 exagitatae,
624 1877 708 1955 ponit
741 1887 811 1936 ante
841 1875 945 1938 oculos
975 1874 1144 1938 luculenter

56 1957 198 2099 prpncepp
215 1969 308 2052 poeta
328 1958 384 2036 lib.
400 1959 534 2102 roretAc
558 1957 644 2019 uelut
662 1958 718 2018 itte
743 1978 857 2020 canum
876 1980 976 2020 murm
995 1960 1034 2020 de
1054 1981 1143 2020 mon-

56 2051 80 2098 te
107 2059 139 2097 ua
159 2059 179 2099 a
194 2053 232 2101 tia
254 2054 341 2104 actua
363 2063 382 2102 a
406 2061 441 2102 er
493 2061 520 2101 c.
543 2060 673 2105 rorrau.

143 2119 344 2206 Pae-494&
373 2063 505 2186 elmoni
531 2123 700 2208 puellae
728 2127 895 2207 penitus
921 2125 1142 2186 succubue-

55 2215 140 2265 rat.
180 2207 209 2266 0
232 2210 375 2268 miserum
396 2207 562 2276 Gabalum,
584 2217 619 2266 ut
644 2228 676 2267 se
698 2209 900 2268 excarnificari
922 2207 1034 2268 frustra
1061 2209 1144 2268 sinit.

54 2287 138 2346 Mira
154 2299 249 2364 aunt,
272 2311 350 2374 quae
372 2291 496 2374 quidam
515 2289 557 2351 oh
580 2311 714 2353 amorem
735 2289 900 2352 mulierum
935 2291 1144 2374 puellarumve

54 2367 202 2449 leguntur
221 2373 339 2451 iecisse,
370 2396 424 2436 seu
443 2375 602 2436 honestum
626 2385 656 2434 et
680 2373 818 2452 licitum,
847 2373 930 2457 quod
957 2395 1005 2435 eas
1036 2381 1144 2433 uxores

53 2466 213 2532 cuperent,
234 2477 287 2518 seu
313 2469 434 2540 turpem
457 2469 487 2520 et
510 2459 649 2518 vetitum.
691 2457 789 2538 Caput
814 2468 860 2517 est
880 2456 961 2538 apud
983 2458 1144 2516 Iovianum

55 2535 234 2598 Pontanurn
253 2539 333 2601 libro
352 2542 453 2622 priore
469 2539 508 2601 de
527 2539 716 2611 fortitudine,
738 2561 799 2620 quo
815 2541 917 2618 docet,
933 2541 985 2620 qui
1002 2538 1043 2598 ob
1056 2559 1143 2599 αωο-

62 2637 132 2678 rem
156 2633 302 2704 pugnent,
324 2623 418 2686 sortes
435 2643 497 2684 non
515 2643 591 2684 csse.
612 2641 741 2688 ronrar.

150 2704 226 2786 Pag.
242 2703 315 2790 497,
340 2727 391 2771 oo.
419 2701 552 2786 χηρείαν
580 2703 636 2783 τῆς
662 2697 832 2783 θυγατρός.
874 2703 937 2764 Cur
954 2702 1144 2780 viduitatem,

64 2803 136 2844 cum
156 2807 217 2848 non
237 2800 314 2850 estet
335 2790 458 2850 vidua?
479 2809 535 2848 nec
559 2789 725 2847 enimcum
750 2807 904 2870 quoquam
924 2797 1018 2868 nupta
1035 2787 1146 2848 suerat.
1192 2817 1195 2821 ·

63 2865 126 2927 Sed
156 2869 351 2934 iureconsulti
374 2873 465 2934 ctiam
499 2871 635 2932 nondum
657 2881 782 2951 nuptam
804 2870 955 2952 appellare
976 2868 1074 2932 solent
1097 2871 1146 2930 ri·

62 2949 168 3018 duam.
210 2955 363 3032 Quoniam
387 2953 501 3030 scilicet
531 2953 624 3015 vidua
652 2953 732 3014 dicta
762 2955 802 3014 sit
832 2965 867 3014 ut
895 2973 1022 3030 vecors,
1059 2973 1145 3013 vesa-

61 3054 144 3114 nus,
165 3038 218 3118 qui
241 3041 306 3100 sine
325 3039 435 3119 corde,
454 3039 520 3100 sine
540 3039 666 3100 sanitate
683 3046 779 3098 emet:
811 3047 842 3107 et
862 3034 916 3098 illa
935 3039 1000 3097 aine
1020 3035 1146 3107 duitate,

60 3137 198 3179 roni-au.

147 3199 223 3286 Pag.
242 3206 318 3304 499,
338 3205 369 3268 5.
398 3203 636 3268 uidebatur
671 3201 754 3264 ribi
791 3199 951 3265 aeder-e.
1006 3203 1054 3262 De
1086 3200 1147 3262 hoc

59 3287 183 3346 somnio
203 3287 312 3350 vident
334 3287 449 3369 lector,
471 3287 546 3371 quid
568 3289 689 3362 mutiat,
718 3295 749 3346 et
775 3287 930 3369 quomodo
959 3305 1068 3348 verum
1087 3287 1146 3362 ait,

59 3367 148 3450 quod
166 3368 207 3430 ait
227 3383 349 3454 postea,
373 3374 416 3435 aio
442 3373 586 3434 evenisse.
626 3371 794 3432 commixta
821 3369 892 3431 sunt
923 3379 1026 3431 autem
1053 3367 1148 3431 verba

58 3455 228 3532 scripturae
248 3467 368 3516 nanctae
389 3468 419 3518 et
446 3457 651 3518 consarcinata
671 3454 850 3538 aliquoties,
870 3464 906 3515 ut
924 3457 1052 3534 nescias,
1072 3449 1147 3534 quid

59 3555 100 3593 ex
126 3555 189 3616 quo
209 3536 276 3598 loco
296 3539 475 3601 adducatur.
495 3557 621 3602 maran.

149 3617 372 3700 ragnoara.
392 3622 575 3684 uidimus
593 3623 810 3684 vaticinia
835 3619 929 3682 liaeo
947 3617 1147 3680 euenisse.

59 3697 149 3760 lniia
171 3723 239 3763 mox
262 3703 361 3781 dicit3
380 3705 419 3766 ad
442 3726 532 3786 quem
566 3713 669 3764 autem
692 3706 870 3786 pertinuerit
894 3703 952 3764 hoc
972 3698 1146 3777 somnium,

59 3803 161 3866 usque
183 3783 274 3847 hodie
289 3785 374 3850 latet.
414 3787 497 3848 Haec
515 3789 680 3870 pugnantia
702 3798 784 3848 aunt.
807 3805 940 3846 ωιτη.

151 3867 226 3952 Peg.
239 3867 350 3942 501‚8.
371 3871 580 3931 secundnm
611 3871 788 3956 quietem.
829 3869 1024 3930 Somniorum
1045 3862 1149 3924 obaer-

58 3952 240 4014 vationibus
259 3952 353 4014 dediti
373 3951 497 4013 suerunt
517 3956 696 4016 recentiores
718 3955 836 4028 Gracci,
861 3971 922 4012 non
944 3947 1036 4012 modo
1059 3947 1149 4020 intra,

58 4033 117 4093 sed
140 4047 172 4095 et
191 4036 284 4098 serrae
307 4057 398 4118 cupra
418 4036 567 4114 modurn,
590 4037 677 4098 obliti
699 4034 782 4097 illius
801 4031 971 4096 Ecclesiaat.
988 4028 1044 4094 5.:
1090 4027 1152 4090 Ubi

59 4117 161 4180 multa
183 4133 250 4184 neit
267 4122 398 4200 comio,
415 4119 569 4206 pharan}
587 4133 653 4186 runt
672 4120 830 4184 vanitates.
872 4119 915 4182 Et
942 4113 1023 4181 illius
1042 4109 1150 4178 Eccle-
