2944 4934
347 263 431 352 560
723 281 1036 354 muorinouas

344 450 458 512 donem
477 445 557 510 redit
568 491 579 526 ,
592 443 714 522 dicens,
734 439 811 508 haec
829 463 887 528 pro
904 461 939 506 se
958 439 1149 526 respondisse
1167 439 1395 528 Canmtmm,

344 529 430 594 lectis
452 533 604 614 Gregorae
623 530 741 610 scriptis
762 529 800 590 de
819 547 873 607 se,
897 537 928 588 et
947 527 1055 588 dixisse
1070 547 1131 588 ram
1150 530 1327 592 monacham
1341 555 1390 614 cap

347 617 416 690 25..
447 637 508 696 quo
538 624 569 676 et
595 615 656 676 iam
683 622 817 692 tempore
851 632 885 670 ex
916 610 1162 674 antecedentibus
1193 615 1346 677 sanante
1366 628 1397 678 et

345 700 386 761 ad
405 699 561 762 historiam
582 696 771 758 scribendam
795 711 967 777 aggressum
989 694 1089 756 luisse.
1118 716 1250 756 ronnas.

428 781 648 864 Pag.175,22.
670 778 880 840 Atlantem
909 777 1137 862 quemdam.
1180 778 1270 840 Hanc
1295 777 1399 840 fabulan

345 886 495 948 nusquam
516 863 586 946 legi.
630 861 718 924 Atlas
741 872 786 922 est
806 882 894 922 mons
927 863 958 920 in
986 861 1191 941 ltlauritania,
1218 867 1304 924 cuius
1324 875 1399 924 serta

346 942 1202 1116 titt?,tlltlttttnt{ltutitttlttttttt
1220 946 1358 1092 iiim

345 1117 501 1194 sissimus,
534 1114 622 1176 datus
653 1136 688 1174 ex
711 1109 909 1174 similitudine
936 1112 1065 1174 nominis
1096 1111 1218 1174 fabulae
1252 1111 1354 1189 locus,
1379 1125 1398 1174 a

347 1197 465 1262 coelum
502 1202 649 1260 sustinere
676 1197 839 1264 diceretur.
890 1195 947 1256 Cui
977 1215 1139 1276 parumper
1160 1193 1313 1258 'successit
1334 1198 1359 1256 iu
1378 1217 1399 1256 a

346 1304 439 1345 onere
458 1277 634 1344 smtineudo
659 1275 824 1354 Hercules,
859 1279 929 1362 quia
949 1279 1092 1340 nimirum
1120 1277 1160 1340 ab
1180 1279 1292 1342 eodem
1311 1277 1402 1342 tua

284 1417 287 1424 .
345 1387 395 1430 res
416 1363 557 1428 coelestes
578 1363 792 1444 stellarumque
812 1363 943 1424 rationes
962 1371 992 1423 et
1013 1373 1114 1424 motus
1132 1361 1255 1424 didicit.
1287 1383 1389 1428 muru.

427 1447 622 1532 Pag.183‚7.
642 1447 766 1508 malta
785 1445 995 1510 disseruit.
1037 1443 1147 1529 Elegia
1175 1445 1230 1508 illa
1263 1445 1403 1508 simulam

345 1533 413 1598 loco
432 1543 500 1616 post
534 1534 629 1594 vitam
646 1527 849 1592 Cantacuzeni
893 1549 930 1590 ex
957 1530 1092 1612 Gregom
1124 1527 1256 1590 collecta
1275 1531 1405 1612 marinna

346 1616 465 1678 Bellum
495 1627 597 1676 autem
624 1613 782 1698 intelligit,
814 1609 897 1698 quod
927 1611 1124 1676 Andronicus
1149 1633 1250 1696 nepos
1280 1635 1344 1676 cnm
1366 1633 1405 1674 arc

346 1701 446 1784 gessit.
469 1719 599 1760 nostran.

430 1777 855 1864 Pag.184‚25.dtscessa
873 1779 999 1862 jacto
1028 1799 1080 1844 ex
1105 1779 1182 1840 hac
1209 1780 1316 1842 nita.
1352 1780 1407 1840 uin

344 1864 537 1949 colligimus,
562 1867 728 1948 Gregoram
745 1863 824 1926 bene
839 1883 942 1926 senem
959 1861 1060 1927 luisse.
1100 1861 1173 1924 Fuit
1195 1873 1304 1924 autem
1320 1863 1409 1924 cutm

344 1951 470 2013 senioris
501 1948 694 2026 Andronici,
724 1957 755 2008 et
784 1947 868 2008 venit
901 1948 934 2008 in
954 1945 1056 2010 aulam
1084 1967 1182 2008 annos
1200 1959 1298 2010 natm
1316 1955 1409 2031 md

345 2035 409 2118 ipsc
429 2041 557 2094 testatur
578 2031 632 2094 tib.
649 2029 680 2098 8.
695 2049 825 2093 ronrsu.

427 2113 1062 2200 Pag.190,15.Lacedacmonios.
1110 2113 1196 2176 Bona
1236 2115 1317 2176 fam
1353 2111 1410 2174 mala

343 2220 550 2283 compensasse
573 2198 843 2271 Lacedaemonios,
865 2194 958 2279 vulgo
982 2209 1090 2259 notum
1109 2218 1173 2260 esse
1196 2199 1257 2260 ait.
1301 2197 1412 2260 Herodo-

345 2294 396 2346 tus
415 2282 561 2368 quidem,
594 2277 726 2364 inquens
756 2279 794 2342 de
814 2280 1062 2342 Lacedaemoniis
1089 2291 1160 2342 ante
1181 2282 1364 2379 Lycurgum,
1379 2281 1412 2338 in-

347 2368 441 2450 quit,
461 2358 709 2444 aaaarouoitarot
727 2349 809 2444 ἦσαν
838 2357 954 2442 σχεδὸν
973 2361 1099 2426 πάντων
1117 2359 1280 2445 ‘Elipeus
1303 2357 1374 2426 eard
1389 2379 1413 2422 u

346 2448 450 2534 σφέας
468 2439 606 2522 adactis,
628 2443 683 2508 sai
702 2443 817 2522 ξένοισι
840 2439 1056 2524 ἀπρόσμικτοι.
1081 2467 1201 2510 rossan

432 2531 645 2617 Pagmptmt.
670 2531 846 2592 Tanaim.
887 2529 1002 2592 Tanais
1021 2541 1067 2592 est
1086 2531 1160 2592 urbs
1184 2530 1224 2592 ad
1247 2532 1355 2594 ostium
1372 2524 1413 2586 liu·

348 2617 392 2684 vii
412 2617 546 2680 eiusdem
566 2615 698 2678 nominis
715 2615 781 2678 sita.
803 2611 992 2693 Stephanus:
1021 2612 1138 2687 Tarni:
1159 2611 1256 2686 πόλις
1274 2609 1414 2691 ὁμώνυμος

347 2699 546 2774 cainonensi.
587 2693 666 2761 κατὰ
696 2695 731 2761 δὲ
751 2689 810 2767 τὰς
841 2697 886 2767 εἰς
905 2691 963 2776 τήν
988 2696 1102 2776 λίμνην
1129 2691 1189 2778 τὴν
1212 2699 1364 2758 Μαιῶτιν
1379 2695 1413 2754 s·

347 2761 443 2864 βολὰς
474 2759 531 2844 roci
558 2779 712 2850 Ταναΐδος
732 2771 822 2852 πόλις
837 2775 995 2861 Ἑλληνικὴ
1030 2773 1169 2842 ἔκτισται
1210 2779 1348 2856 Tarnis,
1369 2771 1415 2858 viat

348 2859 405 2928 καί
417 2857 569 2945 ἐμπόριον
591 2855 788 2941 ὀνομάζεται.
802 2881 935 2924 ronrau.

432 2947 636 3031 Pag.192,6.
660 2945 854 3030 Capisam.
883 2941 1093 3028 Capha,'olim
1115 2943 1314 3024 Theodosia,
1333 2943 1417 3006 sinin

349 3032 445 3096 Ponti
468 3031 580 3092 Euxini
600 3052 668 3110 ora,
686 3027 893 3092 Genuensium
914 3029 1042 3109 colonia,
1062 3029 1102 3090 de
1122 3051 1186 3112 qua
1205 3031 1283 3093 vide
1304 3028 1419 3092 PetriBi·

351 3118 413 3176 zani
437 3113 579 3176 historiae
607 3115 775 3175 Ganuensis
796 3108 850 3176 lib.
875 3113 928 3192 6.;
949 3133 1029 3176 anno
1065 3113 1152 3192 1475.
1184 3125 1337 3198 occupata
1359 3123 1420 3172 estt

351 3197 526 3260 Mahotuete
564 3199 737 3261 Turcarum
771 3198 955 3279 imperatore
990 3217 1052 3260 non
1086 3197 1152 3258 sine
1191 3217 1310 3282 magna
1335 3209 1420 3275 stram
1458 3253 1459 3256 ,

350 3299 487 3349 torruit.

437 3365 515 3446 Pag.
534 3383 605 3450 197,
620 3383 665 3430 ιο.
678 3361 878 3428 Simonem
893 3361 1205 3448 Baccanegram.
1242 3364 1297 3428 De
1309 3361 1421 3442 toste

350 3446 410 3512 tib.
424 3445 455 3512 6.
478 3449 588 3510 Binari.
610 3467 741 3511 rourau.

428 3531 513 3611 ‚Pap
528 3531 597 3615 198,
617 3551 643 3593 r.
663 3531 870 3674 optimates
889 3529 935 3592 ob
958 3531 1028 3592 Ιιοο
1045 3529 1188 3608 solam,
1237 3531 1310 3594 aia
1331 3527 1421 3606 vulga

349 3626 628 3702 praestarent.
710 3634 727 3674 e
754 3613 929 3676 ostracismo
963 3612 1039 3676 haec
1067 3616 1200 3696 accipian
1264 3623 1356 3692 sunt,
1382 3611 1420 3670 hu

354 3712 410 3778 est,
431 3697 469 3760 de
487 3695 542 3758 tali
562 3717 658 3779 poena
680 3707 710 3758 et
732 3695 785 3758 tali
809 3717 978 3776 excausa,
1003 3695 1086 3779 quali
1116 3709 1148 3760 et
1174 3719 1211 3758 cx
1233 3721 1300 3782 qua
1320 3693 1420 3760 tuas

355 3793 425 3872 post
446 3791 583 3844 exactum
605 3781 748 3864 Hippiam
779 3791 945 3923 tprannum
965 3781 1117 3842 Pisistrati
1149 3781 1248 3842 lilium
1277 3785 1421 3842 mentuunt

356 3881 411 3944 est,
425 3877 461 3928 ut
480 3865 680 3944 eiicerentur,
704 3863 757 3944 qui
779 3883 798 3922 o
841 3865 966 3932 nimiam
986 3865 1216 3946 praestantiam,
1237 3883 1378 3949 oppressu
1391 3879 1421 3916 fl·

356 3951 442 4014 vium
463 3947 614 4028 libertate,
635 3945 827 4029 tyrannidem
848 3949 1024 4030 occupaturi
1044 3948 1289 4028 metuebantur,
1317 3957 1422 4024 eatque

357 4043 394 4094 ut
414 4031 600 4094 Plutarchus
620 4033 687 4104 ait,
715 4031 839 4092 nomine
859 4041 890 4092 et
908 4033 1007 4114 specie
1027 4032 1181 4114 potentiae
1202 4042 1233 4092 et
1255 4025 1421 4092 excellentias

358 4114 511 4195 depressio
532 4124 622 4196 atque
645 4115 840 4176 imminutio:
862 4133 896 4174 re
917 4136 989 4176 vera
1009 4113 1143 4176 invidiae
1207 4113 1274 4196 puli
1298 4113 1420 4178 solalifl²
1457 4091 1458 4128 l

359 4195 439 4262 Vide
459 4195 588 4264 Diodori
608 4193 663 4264 tib.
692 4215 741 4262 tt·
769 4195 935 4264 Alexandri
954 4197 1147 4282 Neapolitani
1187 4201 1192 4212 '
1245 4197 1281 4268 5.
1312 4217 1372 4280 rap·
1385 4209 1419 4254 ’θ’
