2854 4936
193 259 201 290 Ι

259 351 313 418 ro
345 331 775 420 murmurmurmur.
984 323 1068 436 37³

30 503 152 568 aemilio
177 507 273 590 priore
299 527 390 568 suum
418 504 505 568 illurn
532 503 710 572 orientalem
739 503 900 584 honorant.
941 523 1073 568 rossus.

30 581 159 668 Oiyypr'uc
179 589 218 655 tt.
240 601 330 656 recte.

93 673 283 754 Pag.ti‚16,
309 672 610 736 Constantinum
630 671 840 757 despotam.
875 669 1072 752 Despotabio

26 751 98 828 salet,
117 756 192 836 quod
213 755 352 840 Hispanis
374 766 404 818 et
413 757 564 818 Lusitanis
581 757 695 834 irffaru.
734 755 957 838 primogenitus
978 757 1072 836 enim,

26 835 180 917 imperator,
206 841 258 922 qui
279 837 374 900 Gallis
390 836 553 916 Delirus,
588 839 729 921 Hispanis
755 841 902 920 princeps
946 839 1075 918 ipsemet

27 917 223 984 Cantoeuzenus
243 923 391 984 rationem
411 919 507 999 affert,
528 943 583 983 cur
603 923 735 1003 Despota
757 922 855 983 dictus
875 923 915 982 sit
934 921 1093 984 isteCon»

25 1005 159 1077 surtinus,
181 1017 210 1066 et
236 1005 421 1080 odericum,
445 1025 536 1086 quam
558 1003 746 1068 adduximus·
794 1007 991 1090 Imperatores
1011 1005 1073 1064 Ro-

26 1087 89 1148 mani
107 1085 142 1147 cle
159 1087 234 1158 liliis,
257 1099 308 1150 aut
322 1088 493 1170 nepotibus,
515 1099 567 1150 aut
584 1090 821 1170 consanguineis,
843 1110 974 1172 quorum
987 1110 1074 1171 prae·

27 1179 130 1230 stantem
153 1173 292 1234 vidissent
321 1171 455 1233 indolem
486 1181 516 1232 et
554 1171 592 1234 ud
624 1173 834 1256 imperandum
861 1172 986 1234 idoneos
1012 1172 1076 1237 sore

27 1255 200 1332 censuissent,
227 1275 410 1316 successores
438 1255 495 1316 sibi
523 1247 680 1337 legebant,
709 1277 786 1338 quos
809 1258 895 1316 initio
926 1257 1078 1338 principes

26 1334 395 1406 iuventutisnomiuabantr
438 1349 505 1422 post
534 1340 681 1400 nominati
701 1350 772 1400 suut
794 1339 958 1417 Caesares,
983 1339 1077 1422 (quod

27 1420 205 1500 retinuerunt,
235 1422 326 1484 etiam
359 1443 430 1483 cum
463 1421 501 1482 ad
534 1420 653 1484 culmen
686 1423 895 1504 imperatoriae
916 1423 1078 1483 maiestatis

26 1499 232 1582 adscendissent,
252 1505 435 1566 utCaesares
456 1507 650 1586 imperatores
669 1504 866 1583 dicerentur3)
887 1507 1009 1568 tandem
1024 1507 1079 1566 No-

27 1579 139 1644 bilissimi
158 1587 298 1649 Caesares
322 1585 462 1670 appellati
482 1600 563 1656 suut.
605 1588 698 1671 Apud
718 1589 834 1650 Tureas
846 1587 966 1650 chcbis
988 1590 1080 1672 signi·

26 1663 80 1726 ficut
97 1668 230 1738 nobilem.
273 1672 499 1750 Quam-vocem
522 1694 626 1734 eorum
640 1673 820 1734 monarchae
843 1673 967 1734 lionoris
990 1695 1082 1734 causa

27 1748 51 1806 in
67 1755 273 1816 successoribus
292 1757 353 1818 suis
382 1755 574 1817 nominandis
608 1759 774 1816 imitatione
810 1756 1015 1816 Rornanorum
1035 1760 1082 1833 (ut

28 1833 115 1894 coniici
172 1841 235 1913 test)
257 1847 453 1920 usurparunt.
493 1839 609 1901 Tamen
634 1839 815 1902 Mahometis
838 1839 879 1904 ll.
897 1847 941 1899 *et
963 1859 1080 1900 sucees-

27 1933 110 1978 sorum
151 1918 182 1980 lii
208 1941 272 1984 nou
294 1921 437 2000 Zelebes,
470 1921 523 1983 sed
544 1921 663 1986 Sullani
694 1923 792 2008 coepti
817 1932 888 1988 sunt
915 1921 1080 2005 indigitari.

27 2015 130 2064 mirra.

93 2083 284 2173 Pag.rr,19.
304 2109 353 2150 ex
368 2081 485 2150 Irene
502 2087 649 2150 Murci.
664 2089 1081 2170 MontisserratiLom'·

26 2161 115 2226 hurd.
130 2171 254 2251 princ.
268 2171 391 2252 silio.
433 2171 538 2233 Irenae
552 2173 623 2234 buic
645 2183 765 2235 senatus
779 2173 944 2234 Geuuensis
953 2183 1084 2255 quatuor

27 2249 140 2314 triremes
158 2254 317 2316 instructas
337 2253 480 2333 decrerit,
504 2277 583 2338 quae
604 2255 687 2318 illam
708 2257 888 2340 Byzantium
908 2257 1085 2318 Andronico

28 2343 168 2412 nupturam
187 2337 344 2400 devexere.
387 2340 537 2422 Gregoras
555 2339 634 2400 libro
663 2349 746 2400 sexto
775 2342 919 2422 seriptum
949 2340 1084 2422 reliquit,

28 2431 83 2476 eum
102 2437 136 2478 eo
154 2417 336 2499 duceretur,
365 2423 459 2504 egisse
488 2443 602 2484 annum
627 2423 845 2497 undecimum,
875 2423 1086 2484 Andronicum

28 2513 85 2558 vero
102 2505 220 2564 tertium
248 2524 340 2586 supra
373 2507 568 2568 vicesimum:
599 2527 689 2650 ‹puarn
720 2517 750 2565 et
772 2507 876 2568 vultus
906 2517 937 2567 et
965 2527 1087 2566 morum

28 2575 150 2662 elegantia
164 2588 393 2648 commendarit.
434 2587 593 2650 Mulierem
621 2610 696 2670 unge
720 2589 993 2650 ambitiosissimam
1004 2610 1089 2649 eam-

27 2659 82 2724 dem
100 2667 238 2732 describit
264 2669 342 2732 libro
362 2673 511 2752 septimo,
545 2675 657 2754 quippe
687 2693 765 2754 quae
790 2693 896 2734 omnes
920 2684 981 2733 tres
1011 2671 1088 2736 filios

28 2761 83 2808 tuos
103 2750 294 2834 imperatores
317 2754 464 2836 designari
485 2755 697 2836 percupiebat,
721 2766 750 2816 et
770 2766 806 2815 ut
824 2754 916 2818 modo
936 2758 1089 2839 imperan-

28 2833 61 2887 tu
78 2835 194 2899 videret.
236 2839 390 2899 Romanas
413 2857 485 2918 opes
516 2839 547 2898 in
570 2837 777 2898 Romanorum
803 2837 904 2900 bostes
924 2839 1089 2920 profunde-

26 2905 77 2972 bat·
115 2917 241 3000 Ibidem,
263 2941 355 3002 quam
378 2919 453 2982 lenis
467 2919 506 2980 ad
528 2941 594 2982 eam
614 2919 793 3002 placandam
810 2920 1004 2982 Andronicus
1023 2921 1090 2982 fue·

26 2994 66 3054 tlt·
100 2999 190 3064 Febri
211 3015 371 3087 correpta,
405 3003 471 3064 obit
491 3003 584 3065 diem·
604 3025 692 3082 suum
724 3005 755 3066 iu
784 3004 930 3086 oppidulo
963 3005 1091 3082 Drama,
1166 3023 1170 3032 ·

26 3093 74 3154 quo
93 3087 179 3147 animi
200 3088 298 3170 gratia
310 3085 522 3148 Thessalonica
543 3108 576 3149 se
595 3085 731 3149 conferre
752 3086 877 3149 solebat.
917 3087 974 3150 Est
990 3099 1092 3148 autem

26 3159 121 3226 Graece
153 3161 308 3252 ἄρχοντος
337 3168 585 3252 Λονμπαρδιῇς.
626 3169 773 3232 atenim
808 3192 870 3232 non
899 3173 1000 3252 paruit
1020 3169 1092 3232 buic

25 3239 175 3312 llamhioni
196 3253 337 3314 universa
357 3253 562 3327 bombardia,
594 3275 686 3336 quam
715 3253 886 3317 insubrium
909 3264 1023 3314 veteres
1043 3253 1093 3314 di·

25 3341 89 3406 stre,
107 3335 242 3416 (proinde
271 3335 364 3397 malui
391 3337 558 3398 Lombardr'
571 3339 746 3422 principis,
778 3359 870 3419 quam
890 3337 1094 3398 Lorabanliue

21 3413 161 3500 puircipis,
173 3429 207 3480 ut
229 3421 357 3481 vitarem
376 3414 413 3480 td
435 3417 637 3502 duodicim)
657 3420 766 3494 sedes
786 3419 884 3484 solum
904 3418 1091 3504 regiuncula,

24 3511 90 3570 quae
107 3501 183 3564 inter
203 3503 324 3565 Padurn
343 3512 375 3564 et
395 3503 554 3565 Tanarum
573 3505 629 3566 sita
649 3515 680 3565 et
700 3507 763 3566 iam
782 3504 900 3587 pridem
918 3504 1093 3565 Montisser-

23 3579 70 3638 ¹“tii
88 3586 206 3647 nomine
227 3597 335 3647 vocata
361 3597 415 3650 est.
457 3587 579 3648 Primus
610 3587 749 3650 Marchio
775 3592 840 3650 eius
875 3589 932 3650 tuit
952 3587 1093 3650 lllmnra-

23 3673 80 3736 nus,
98 3685 115 3725 a
134 3689 237 3730 smero
253 3669 377 3731 Othone
397 3691 507 3752 magno
528 3683 659 3748 creatus,
680 3692 760 3734 anno
780 3672 894 3738 Christi
913 3671 999 3759 967.;
1024 3668 1094 3734 iude

22 3754 111 3819 postea
132 3749 324 3814 Marcbiones
366 3753 513 3836 ropagati.
552 3773 683 3826 sorren.

93 3831 240 3916 Pagai,
262 3857 309 3922 ¹9·
378 3833 526 3918 ουμφερᾶ
548 3835 594 3896 Μ.

95 3911 170 3996 Peg·
191 3938 240 3992 ιι,
256 3940 309 3982 21.
330 3931 365 3980 et
385 3901 780 4001 pu’etlaeSr‘monidis.
820 3915 1096 4062 GeorpiusPachy-

23 3994 121 4056 uerius
139 3995 197 4061 hoc
221 3999 267 4062 illi
286 4021 397 4062 nomeu
419 4001 531 4062 iactum
551 4001 657 4081 tradit,
679 4003 773 4084 quod.
795 4024 868 4064 cum
886 4023 988 4084 pures
1010 4000 1096 4084 puel·

23 4067 63 4132 lae
81 4077 255 4145 Andronico
274 4093 364 4146 natae
384 4093 599 4164 morerentur,
621 4103 639 4144 a
658 4085 785 4148 muliere
806 4083 937 4168 quadam
958 4084 1095 4164 edoctus,

25 4151 170 4226 duodecim
194 4167 400 4250 apostolorum
420 4167 581 4228 duodecim
603 4177 717 4230 statuas
752 4189 852 4232 cereas
887 4167 946 4231 viri
976 4171 1096 4251 magni·

25 4239 120 4308 tudine
137 4251 275 4316 demerit
304 4271 414 4336 amque
446 4249 503 4316 sub
523 4262 643 4338 tempus
662 4263 768 4340 portus
785 4251 892 4318 ordine
916 4251 1092 4320 emendetit.
