2944 4934
317 347 374 416 ΑΒ
404 345 684 414 mnrncuzrui
712 349 787 410 nn.
809 351 863 413 ιν.
1041 317 1126 407 553

61 501 211 567 rudinus?
250 499 331 586 Lege
354 500 560 588 etexpende,
584 521 627 564 an
660 501 810 578 evenerit,
839 498 912 572 nint
944 501 1006 586 ipse
1040 501 1135 568 dizit

63 607 201 652 curua.

153 669 231 750 eag.
251 665 304 750 59,
331 668 380 730 15.
408 669 538 752 primo
569 686 619 730 erc
649 663 917 748 Palaeoiogis
947 669 1133 753 imperat.
1172 720 1177 730 .

63 751 171 814 Hicin
191 752 327 814 Concilio
347 753 542 834 lugdunensi
575 751 632 812 sub
652 749 830 811 Innocentio
850 750 941 812 tertio
968 770 1079 814 novam
1102 763 1134 816 et

62 834 220 896 solemnem
246 855 315 897 cum
343 835 451 896 Latina
481 835 605 897 scolene
631 833 824 895 concordiam
843 833 954 908 inivit,
987 845 1023 896 ut
1042 836 1136 898 tradit

62 920 206 1001 Georgius
222 918 437 1002 Pachymen'us
456 916 510 984 lib.
521 920 562 998 5.,
581 918 631 980 cui
652 917 720 980 ideo
739 917 789 978 vel
811 937 829 978 a
848 918 1066 998 sacerdotibus,
1085 917 1134 982 vel

61 1001 102 1062 ab
116 1002 288 1064 Andronico
308 1001 370 1065 lilio
389 1001 541 1086 sepultura
564 1013 688 1085 negata,
723 1001 807 1084 quod
835 1021 905 1064 oum
925 1003 1041 1065 Latinis
1059 1023 1159 1078 con-h

59 1087 205 1148 sennes.
224 1105 353 1148 ronnas.

140 1168 221 1250 Pag.
233 1167 285 1229 82.
296 1192 325 1252 7.
345 1168 601 1236 redditibus.
640 1169 736 1252 lpsius
759 1167 828 1229 Chii
848 1169 933 1231 urbis
952 1179 1135 1246 tantum,an

60 1253 150 1314 torius
178 1252 317 1316 insulae?
357 1253 389 1314 Si
409 1263 527 1314 tanturn
547 1253 653 1332 urbis,
678 1251 831 1336 quomodo
851 1265 1015 1335 potuerunt
1035 1256 1135 1335 impe-

61 1337 152 1396 ratori
175 1337 207 1397 in
228 1357 324 1397 annos
355 1337 487 1418 singulos
511 1338 642 1419 pendere
662 1337 772 1418 viginti
802 1337 865 1397 duo
888 1337 1009 1398 millia?
1037 1338 1136 1418 siqui·

60 1419 128 1479 dem
138 1441 158 1498 ,*
169 1429 204 1480 ut
227 1418 282 1485 lib.
304 1439 333 1487 a.
355 1419 470 1482 dictum
495 1431 556 1494 est,
589 1429 653 1482 tota
674 1419 770 1482 insula
793 1431 913 1482 tantum
939 1419 1084 1482 reddebat
1103 1422 1137 1482 in

60 1521 172 1564 anuum
190 1513 312 1564 centum
333 1502 428 1564 millia
443 1513 473 1564 et
490 1505 607 1586 viginti.
637 1523 766 1569 rorrru.

140 1585 215 1668 Pag.
230 1583 284 1664 85,
299 1589 329 1649 3.
351 1587 680 1673 Peloponnesus,
693 1587 800 1648 Gracci
817 1585 908 1649 hodic
934 1587 1071 1648 Morenm
1084 1605 1137 1648 vo-

58 1680 144 1750 cant,
169 1668 209 1731 ab
234 1669 343 1732 arbore
371 1691 477 1750 moro,
506 1681 571 1732 tota
594 1672 716 1752 regione
735 1671 985 1752 frequentissima.
1010 1689 1137 1736 mursa.

139 1751 281 1834 Papus,
297 1753 328 1815 5.
352 1753 491 1816 Achai
497 1774 520 1814 a
529 1775 570 1814 nr·
610 1755 754 1836 Quinque
774 1764 845 1816 sunt
863 1767 964 1837 partes
984 1753 1138 1836 Pelopon·

58 1837 143 1898 nesi:
165 1837 324 1908 Laconica,
342 1837 458 1900 Achaia
474 1837 547 1912 (sub
567 1859 628 1922 qua
650 1847 681 1898 et
706 1836 879 1920 Argolica),
905 1840 1053 1899 Messenia
1085 1858 1139 1898 seu

58 1921 243 1994 Messenios,
271 1919 398 1998 Elissa,
425 1919 586 1982 Arcadica.
626 1921 710 1982 Duas
738 1943 773 1982 cx
791 1920 839 1983 his
859 1922 993 2004 quinque
1011 1924 1141 1982 tenuisse

57 2003 323 2080 Lacedaemonios,
346 2015 473 2066 testatur
489 2002 684 2090 Thucydides
700 2004 752 2068 lib.
764 2027 805 2090 7„
823 2025 932 2090 nempe
959 2007 1141 2068 Laconicam

56 2099 92 2150 et
110 2089 319 2149 Messenicam.
346 2108 479 2151 scursa.
596 2153 600 2162 ,

151 2169 229 2250 Pap.
242 2169 297 2250 86,
313 2171 363 2237 23.
387 2173 571 2254 Lycurgi
590 2172 730 2255 legum.
772 2173 860 2251 Quae
881 2171 994 2234 luerint
1008 2173 1084 2232 istnc
1098 2169 1140 2232 lc-

57 2273 129 2338 ges,
156 2264 210 2314 aut
232 2253 384 2336 querelor,
409 2277 487 2338 qnae
508 2257 678 2318 inimicitias
701 2256 740 2316 ad
762 2267 898 2338 posteros
918 2257 1007 2316 etiam
1027 2275 1139 2336 propa·

48 2339 124 2414 ,gari
146 2347 271 2411 vetaret,
293 2358 354 2398 non
370 2341 490 2420 reperis
522 2341 580 2401 nisi
598 2351 643 2401 est
662 2339 714 2400 illa
733 2340 828 2417 forte,
858 2339 1002 2401 adversus
1019 2339 1140 2398 eosdem

53 2420 157 2481 hostes
180 2420 293 2482 bellum
319 2441 381 2482 uon
403 2423 617 2506 repetendum,
642 2423 724 2507 quod
755 2426 852 2484 etiam·
870 2423 909 2484 de
935 2419 1139 2483 simultatibus

52 2515 87 2564 et
112 2503 275 2566 inimicitiis
293 2515 393 2588 potest
407 2508 511 2588 accipi.
529 2528 658 2572 courir.

129 2587 340 2671 Pag.9o,.rr.
368 2591 526 2651 uerbum
552 2592 680 2674 ipsius
700 2588 854 2650 nudum.
895 2587 1012 2668 Nempe
1026 2597 1061 2648 ut
1074 2587 1139 2647 Xe·

51 2673 187 2731 nocratis
205 2670 374 2814 ppilosophi
395 2674 576 2754 gravissimi,
598 2672 735 2733 Platonis
752 2669 914 2754 discipuli,
936 2674 1022 2731 cuius
1040 2671 1141 2732 verbis

49 2764 141 2814 tanta
163 2754 201 2814 ha

49 2839 143 2898 nium
172 2838 404 2916 admitteretur,
423 2839 495 2898 huic
515 2837 572 2898 soli
591 2841 723 2900 iniurato
748 2839 931 2898 crederetur.
973 2837 1079 2899 Cicero
1104 2837 1144 2899 de

47 2919 182 2982 Platone
196 2923 262 3002 ipso
283 2943 310 2982 ι.
330 2921 582 2982 Tusculanarum
628 2920 669 2983 Ut
687 2921 766 2981 enin
785 2923 929 2982 mtionenr
956 2921 1047 2982 Plato
1074 2921 1142 2981 ruri-

44 3003 118 3063 lam
142 3003 266 3086 efferret
288 3005 378 3084 (vide
396 3005 475 3091 quid
498 3007 613 3068 domini
631 3007 790 3086 tribuam),
803 3005 870 3091 ipsa
891 3006 1068 3067 auctoritate
1093 3025 1141 3066 me

32 3088 214 3169 frangeret.
239 3109 365 3151 mansu.
973 3105 976 3108 '

146 3169 358 3254 Pag.90,21.
392 3173 526 3234 aliter
567 3175 715 3259 quippe
746 3193 821 3234 nun
852 3183 945 3232 erut
975 3171 1142 3234 licitum.

44 3253 135 3314 Bene
156 3252 259 3316 habet.
304 3255 449 3337 Agnoscit
469 3257 698 3317 Cantacunenus
718 3253 850 3338 culpam,
873 3277 934 3338 qua
955 3255 1087 3336 sactum,
1107 3267 1143 3316 ut

45 3335 158 3397 nullus
181 3339 336 3420 episcopus
355 3341 419 3400 sinc
440 3361 590 3402 consensu
612 3339 731 3400 Sultnui
752 3349 805 3400 cut
827 3341 947 3415 creari,
971 3340 1074 3400 autin
1095 3361 1142 3400 re·

45 3419 124 3480 dem
146 3439 232 3480 suam
254 3421 371 3482 restitui
390 3434 509 3505 posset,
542 3426 567 3484 si
595 3423 719 3507 quando
748 3423 888 3505 expulsus
919 3433 1004 3488 esset.
1046 3421 1141 3496 Dens,

45 3504 154 3584 inquit
168 3549 177 3582 ‚
191 3505 247 3565 hoe
256 3507 421 3588 permittit,
443 3507 480 3566 ob
500 3507 602 3582 mrdtn,
627 3529 703 3606 pirae
724 3511 756 3568 in
777 3509 873 3592 ipsum
890 3509 1086 3589 peccavimus,
1115 3519 1145 3566 et

43 3589 217 3648 etr'rrmnum
228 3609 414 3674 peccamina,
449 3591 502 3674 qui
521 3609 544 3650 a
567 3591 683 3652 Christo
703 3613 811 3652 nomen
840 3591 985 3656 ducimus.
1025 3589 1143 3650 Eadem

46 3673 247 3732 excusatione
268 3673 431 3735 utebantur
450 3670 524 3733 olim
546 3674 679 3751 Gracci,
717 3675 841 3756 quando
862 3685 949 3756 capta
970 3673 1144 3732 Constanti·

45 3751 162 3836 nopoli
199 3755 331 3816 'l'urcico
360 3758 432 3838 iugo
456 3758 578 3836 penitus
601 3755 729 3816 subiecti
750 3768 832 3824 sunt.
877 3756 1007 3816 Caumm
1042 3755 1147 3815 duris·

44 3843 149 3898 simae
169 3837 260 3898 huius
278 3840 432 3900 seruitutis
455 3837 630 3899 reiicisbant
655 3841 685 3898 in
707 3851 847 3920 peccata,
868 3838 1047 3899 mortalibus
1068 3858 1145 3898 cun-

45 3923 108 3982 ctis
131 3923 330 3997 communia,
351 3923 403 3982 sed
424 3920 601 3982 Gennadius
622 3942 656 3982 re
678 3924 848 3984 accuratius
868 3943 1019 4003 expensa,
1040 3919 1080 3982 Si
1094 3920 1147 3983 di-

44 4007 180 4081 nerito,
212 4003 330 4080 siebat,
357 4019 388 4066 ut
418 4006 519 4066 diem
550 4007 726 4080 coruuestis,
757 4005 794 4065 ob
819 4017 919 4066 nostra
939 4005 1052 4064 delicta
1071 4005 1147 4066 inec

43 4089 195 4164 euenisse,
218 4107 277 4148 non
297 4090 340 4150 ita
361 4109 392 4150 re
414 4109 461 4150 res
476 4088 573 4148 habet.
615 4087 810 4168 Egodtcam,
830 4089 974 4173 quoru'am
994 4107 1054 4148 non
1075 4109 1145 4150 nra-

41 4172 97 4252 gis
127 4191 192 4244 nos,
217 4191 307 4255 quam
328 4183 442 4234 eeteme
472 4171 711 4232 transcensionem
725 4184 823 4252 gentes
845 4171 952 4232 nostris
970 4167 1145 4234 criminibus

43 4254 159 4320 Deum
179 4255 344 4322 mmmm.
375 4255 451 4320 &uit
468 4256 548 4318 enirn
564 4265 594 4315 et
613 4255 698 4320 aune
713 4256 849 4318 nationes
871 4255 969 4338 rnagr's
991 4256 1144 4320 sceleribru

243 2755 333 2814 batur
348 2753 421 2816 fides
438 2756 580 2830 Athenis,
594 2767 629 2815 vt
648 2776 717 2816 cunr
733 2756 855 2816 iniurati
878 2753 991 2814 nullius
1007 2755 1142 2815 testimo-
