2944 4934
365 319 449 405 530
745 339 1058 408 ammanoms

364 509 537 586 praetorem
561 496 664 562 mittit.
701 495 778 562 Eius
804 505 972 572 manna,
1005 514 1114 578 magna
1136 487 1262 560 alachis
1286 507 1406 567 rotantur.

383 605 497 646 ossan.

364 606 382 648 P
450 667 531 748 Pag.
550 663 622 744 344,
634 684 685 726 aa.
708 661 764 726 rai
781 657 977 724 κινδυνεύσει
989 655 1027 722 ιδ
1041 659 1100 724 soo'
1120 660 1218 744 φίλον
1238 659 1348 747 σκδφις
1366 653 1406 724 ci·

364 748 497 826 τανδρος
519 745 725 824 ἀπολωλέναι,
752 747 782 808 id
802 757 856 822 est,
879 747 951 830 quin
965 745 1185 807 (Ῐαιιειιειιιιιιιιι
1204 765 1272 808 una
1298 770 1353 808 aar
1369 749 1408 806 aa'r

364 833 497 894 omnibus
511 833 643 896 iruereat.
685 830 896 892 Conditionem
923 849 958 889 ae
977 839 1090 890 statum
1110 849 1200 890 suum
1225 833 1295 891 navi
1315 853 1358 892 seu
1372 851 1408 890 m·

365 915 526 998 rigationi,
551 925 583 978 et
604 914 761 976 adversam
782 912 985 974 conditionem
1005 915 1070 974 sive
1092 923 1203 976 sortem
1227 913 1334 974 infelici
1352 915 1411 974 nasi·
1458 929 1459 994 ᾗ

365 999 477 1082 gationi
508 1019 542 1060 ac
564 1000 734 1080 tempestati
754 996 970 1078 naustagioque
998 1015 1194 1076 comparare,
1217 994 1361 1057 'usitatum
1382 1007 1411 1056 st
1458 1015 1459 1080 l

363 1083 452 1144 bonis
468 1081 675 1164 scriptoribus,
690 1092 757 1142 tum
770 1081 877 1164 poetis,
899 1089 964 1140 tum
980 1079 1170 1160 oratoribus3
1191 1081 1278 1162 quod
1291 1080 1337 1142 hie
1349 1079 1413 1140 Anu
1458 1081 1459 1140 l

363 1169 428 1228 rius
450 1165 657 1226 Cantacuzeoo
689 1165 771 1230 facit.
814 1163 911 1224 Nares
941 1183 1044 1246 porro,
1066 1183 1145 1244 quae
1174 1183 1250 1224 cum
1277 1163 1413 1224 voctonbrs

364 1259 417 1310 aut
447 1249 659 1330 deprimuntur
688 1260 742 1310 aut
770 1250 952 1328 capiuntur,
980 1245 1112 1307 Graecos
1131 1265 1215 1308 nunc
1236 1267 1312 1308 voce
1340 1247 1414 1307 iuncta

364 1323 561 1412 αὐτάνδρους
572 1379 583 1408 ,
610 1352 691 1393 nunc
726 1331 870 1414 separatis
897 1327 1020 1392 vocibus
1050 1321 1111 1392 σδν
1140 1335 1207 1402 τοῖς
1227 1326 1370 1411 ἀνδράσιν
1384 1330 1415 1388 di·

364 1417 452 1492 risse,
474 1415 604 1476 ostendit
625 1413 780 1476 Victorius
801 1413 852 1475 lib.
870 1412 918 1474 25.
943 1434 1007 1494 cap.
1027 1411 1059 1473 8.
1084 1433 1215 1476 nonnam

458 1496 702 1578 Pag.344,25.
736 1496 1018 1576 undetriginta
1055 1495 1255 1570 millibus.
1296 1495 1416 1556 Tmou

364 1581 494 1644 navibus
515 1591 634 1644 tantum
656 1601 819 1642 numerum
841 1581 996 1664 imposuit.
1039 1579 1100 1640 Sed
1120 1600 1156 1639 ex
1176 1579 1367 1663 sequeufibus
1380 1576 1416 1636 ul

364 1667 447 1746 ginta
472 1686 569 1726 unum
590 1664 685 1728 millia
707 1663 901 1746 colliguntur.
944 1663 976 1723 si
1011 1663 1092 1724 enim
1121 1664 1209 1724 iussit
1237 1664 1324 1745 sequi
1340 1683 1368 1723 ae
1387 1659 1417 1720 ti·

364 1751 439 1830 ginti
469 1748 563 1810 millia
593 1770 664 1810 cum
695 1747 811 1810 selectis
839 1745 924 1808 mille
944 1748 1133 1830 quingentis,
1165 1757 1197 1808 et
1219 1767 1331 1808 norem
1351 1742 1417 1804 millia

364 1830 1420 1998 ttltsslg‘it'ltll‘lit‘ldlil‘lqlleffi‘lmtffi

364 1997 413 2060 vel
442 2011 549 2060 auctor
574 1997 675 2080 lapsus
695 2007 740 2058 est
761 2000 918 2060 memoria.
937 2019 1072 2078 nostran.

452 2079 617 2164 fag-346,
637 2083 664 2145 3.
697 2081 947 2166 laboremque
968 2079 1330 2143 communicantem.
1364 2075 1421 2134 tm

364 2161 465 2224 dabile
484 2165 598 2226 factum
622 2165 762 2244 imarii,
792 2167 983 2247 exaequantis
1013 2186 1045 2226 se
1074 2164 1222 2224 militibus
1251 2165 1338 2240 suis,
1370 2157 1421 2216 dun

364 2267 443 2327 equo
465 2246 637 2328 repudiato,
659 2269 720 2309 una
741 2247 892 2310 cumillis
914 2248 1043 2332 pedibus
1060 2247 1184 2308 incedit.
1208 2247 1246 2306 ln
1275 2245 1309 2306 6.
1329 2237 1423 2304 Ameid

363 2342 454 2412 poeta
478 2331 612 2391 Aeneam
644 2352 714 2392 eum
740 2331 880 2394 Troianis
907 2333 969 2394 suis
988 2333 1111 2394 arbores
1145 2329 1326 2392 caedentem
1350 2320 1422 2385 etad

365 2415 476 2475 Miseni
506 2414 635 2475 cadaver
668 2417 864 2477 cremandum
893 2415 1107 2479 advolventem
1146 2413 1231 2476 facit.
1301 2411 1359 2474 Nee
1382 2425 1423 2466 aaa

364 2497 483 2558 Aeneae
515 2518 612 2582 opera
639 2499 721 2560 inter
751 2501 831 2562 tolia
859 2503 975 2585 primus
1001 2501 1137 2560 aonam
1166 2498 1292 2574 sorios,
1311 2491 1422 2578 poribu-

366 2602 422 2664 qroe
441 2583 607 2664 accingitur
633 2583 736 2651 aroris.
780 2584 814 2644 ln
845 2604 935 2666 quem
960 2583 1060 2644 locum
1082 2594 1128 2644 sat
1148 2579 1250 2643 multa
1275 2577 1424 2640 adduximus

365 2665 398 2723 in
418 2665 563 2748 symbolis
578 2667 699 2740 nostris,
720 2667 831 2750 quibus
852 2667 1139 2743 demonstraremus,
1160 2664 1259 2726 duces
1282 2673 1313 2722 et
1330 2664 1424 2740 impar

366 2757 458 2826 tores,
482 2750 533 2831 qui
554 2771 617 2810 sese
640 2749 787 2812 militibus
808 2771 1048 2832 nonnunquam,
1072 2749 1159 2810 velut
1177 2747 1270 2809 obliti
1293 2740 1423 2826 atqneiu·

365 2849 513 2891 memores
533 2851 605 2893 suae
625 2853 768 2916 personae
792 2855 827 2894 ac
848 2833 1021 2916 dignitatis,
1050 2831 1182 2894 fer-endis
1213 2827 1369 2892 laboribus
1394 2831 1425 2880 tl·

366 2933 426 2994 que
457 2914 601 2976 oneribus
644 2915 771 3000 aliisque
797 2917 887 2978 rebus
917 2917 1028 2978 vilibus
1048 2915 1199 2977 obeundis
1231 2935 1271 2976 ac
1303 2903 1425 2996 potiundi!
1458 2937 1459 2998 l

366 3009 591 3080 exaequassent,
611 3021 750 3082 magorum
771 3000 892 3068 laudem
911 2999 1039 3083 adeptos.
1061 3020 1190 3063 maran.
1406 3063 1412 3082 .

356 3105 359 3110 ·
450 3074 532 3159 Pag.
549 3082 622 3166 349,
635 3081 666 3142 8.
686 3084 725 3144 in
743 3083 919 3164 Odyssea
945 3104 968 3145 a
988 3085 1099 3163 cyclo
1136 3105 1163 3148 e.
1183 3078 1270 3142 Vide
1292 3075 1426 3157 Odyssla

366 3164 622 3242 quemadmodum
649 3175 819 3228 tractentur
837 3189 857 3230 a
884 3166 1074 3251 Polyphemo
1130 3165 1219 3247 tyaris
1248 3161 1336 3222 socii.
1371 3150 1427 3214 Vt&

366 3245 457 3306 etiam
484 3259 650 3310 extremum
675 3253 799 3312 tertium
822 3250 950 3316 Aeneid.
969 3263 1019 3329 et,
1053 3251 1078 3312 si
1101 3247 1246 3332 placebit,
1280 3241 1369 3304 Ovid-
1396 3231 1426 3309 tl·

366 3325 570 3412 Metamorph.
591 3332 631 3392 ab
651 3353 689 3395 eo
712 3335 799 3396 loco:
823 3335 897 3420 qau'd
907 3337 984 3396 milu
996 3333 1066 3398 mne
1079 3331 1177 3394 am'mi
1196 3341 1260 3391 etc.
1285 3317 1428 3415 Paucis-

366 3413 486 3474 manius
506 3413 596 3476 fuisse
618 3417 738 3480 habitos
762 3417 847 3494 dicit,
868 3420 954 3501 quasi
969 3419 1100 3494 diceret,
1129 3423 1252 3476 tantum
1276 3426 1338 3472 noa
1362 3415 1427 3464 Μ

366 3491 484 3557 abillis
504 3497 641 3560 devorati
660 3513 744 3582 sunt,
765 3502 848 3585 quod
868 3503 955 3564 sociis
979 3501 1096 3584 Ulyssis
1116 3497 1247 3560 laciebm
1267 3489 1346 3556 illud
1364 3499 1425 3547 tw

367 3585 466 3638 strum
486 3579 683 3663 horrendum,
704 3587 852 3662 informe,
874 3587 990 3666 ingens.
1031 3582 1204 3646 Visceribus
1223 3581 1313 3642 enim
1330 3583 1428 3632 w

365 3679 436 3722 rum
455 3671 487 3722 et
507 3667 739 3746 sanguineam
759 3667 945 3730 vescebatur.
967 3689 1096 3733 ronran.

450 3744 531 3827 Pag.
546 3749 617 3820 351,
637 3751 666 3814 5.
694 3753 881 3837 siquidem
910 3767 950 3812 et
983 3773 1059 3812 mus
1081 3741 1329 3834 aliquando.
1368 3733 1427 3832 lli&

366 3825 489 3904 sabula,
509 3842 544 3890 ut
566 3832 713 3912 arbitror,
728 3857 784 3896 nec
804 3836 885 3916 apud
910 3833 1082 3916 Aesopum,
1111 3853 1167 3893 nec
1188 3827 1275 3911 apud
1297 3821 1426 3886 Gsbfflflr

327 3967 330 3975 ,
367 3909 503 3972 ullumve
530 3911 625 3974 alium
645 3917 900 4001 mythographum
929 3917 1088 4000 reperitur.
1132 3915 1189 3975 Est
1209 3923 1318 3971 tarneu
1340 3904 1375 3967 ed
1390 3897 1426 3958 ll·

365 3991 494 4054 cendum
516 3996 650 4076 idonea,
684 4023 729 4062 res
759 4023 882 4083 magnas
913 4011 944 4060 et
972 4001 1109 4062 homines
1129 4005 1273 4078 potentes
1292 3979 1427 4071 aliquado

366 4095 529 4153 parvarum
551 4101 652 4142 rerum
673 4096 702 4145 et
723 4085 881 4145 homiuum
903 4084 1028 4145 minime
1041 4083 1210 4164 potentium
1223 4073 1340 4136 auxilio
1353 4081 1424 4148 qt*

68 4227 76 4242 ·
156 4193 162 4206 ι
250 4217 253 4223 ,
366 4157 451 4232 Quid
472 4164 554 4252 enim
579 4187 667 4227 mure
685 4167 851 4250 abiectius,
875 4157 1067 4230 invalidius?
1097 4161 1173 4248 quid
1199 4154 1292 4224 leone
1311 4149 1424 4221 nobil*

12 4247 14 4278 l
365 4237 544 4306 robusbtu‘l
563 4269 693 4313 aaaron.
