2854 4936
98 281 393 379 emortuorum
416 293 472 360 to
502 249 783 368 cturncmrnr
812 299 885 362 un.
916 303 942 362 ι.
1002 271 1084 387 367

40 439 322 536 sen'megedomeetici
344 451 570 536 intelligendum
591 463 655 516 eet:
679 454 712 517 in
732 475 793 538 quo
812 465 941 518 tuntum¹
957 467 1088 540 potesta·

39 541 71 596 tis
86 540 299 599 etauctoritatis
321 536 439 617 habuit,
455 539 519 615 (etei
537 538 570 600 id
592 559 656 600 non
676 542 793 601 ratione
812 540 928 618 officim
947 541 981 602 ut
996 543 1090 624 impo-

40 621 104 680 rium
120 641 202 702 penes
220 621 427 684 Andronicum
447 623 596 684 iuniorem
615 623 738 684 nomine
756 623 846 703 solo,
873 643 964 722 penes
990 625 1090 707 ipsum

39 724 66 762 re
80 703 158 764 titisse
178 716 326 788 appetent,
348 703 443 769 lib-a.
465 705 664 789 potissimum.
684 707 748 768 Nec
760 705 852 773 senet
873 718 997 790 ipsemet·
1008 729 1091 774 eume

38 797 173 848 nemnem
185 789 349 871 publicem,
370 790 462 850 etiam
482 787 660 851 Andronico
683 792 853 874 superstite,
874 789 914 852 ab
935 810 967 854 ea
991 792 1091 866 admi·

36 871 173 932 nistratam
191 871 345 956 gloriatur.
388 873 452 950 Qui
471 883 574 934 entem
595 871 711 936 Graece
731 873 783 938 vel
797 873 981 957 primoribus
1001 873 1094 936 labris

37 954 268 1119 lilim
284 975 352 1122 iii
367 953 792 1124 flubtti‘ttt‘lttt
812 955 985 1126 l‘tlttl‘
998 959 1096 1102 itt:

204 1083 215 1118 ,
970 1085 978 1104 .

37 1119 145 1182 verbum
164 1123 301 1204 rotpulo
316 1125 408 1185 etium
430 1124 459 1184 el
479 1126 609 1206 tempori
628 1125 826 1186 tribuendum
846 1136 907 1202 est,
944 1143 1005 1206 quo
1026 1145 1097 1208 par*

36 1205 81 1262 tim
98 1213 130 1266 ut
146 1215 226 1268 tutor
245 1205 440 1290 impuberum
469 1205 638 1269 Andronici
661 1207 817 1284 liliorum,
851 1209 963 1292 partim
983 1219 1019 1269 ut
1039 1211 1098 1270 im·

36 1297 138 1364 perator
155 1299 255 1372 postes
268 1291 430 1368 ¹communi
450 1290 590 1374 praelirit.
630 1290 691 1352 Sed
713 1301 749 1353 ut
768 1291 863 1372 haec,
889 1295 932 1353 ita
954 1311 1033 1374 quae
1051 1311 1100 1352 se-

36 1381 162 1449 quuntur,
182 1372 222 1436 ud
241 1371 336 1436 alium
356 1375 526 1448 neminem,
550 1394 643 1457 quam
664 1374 705 1437 ad
731 1375 973 1438 Centecuseunm
1003 1377 1101 1458 perti-
1198 1403 1202 1411 ·

35 1463 115 1533 nent;
138 1452 313 1539 αὐτουργόν
334 1459 416 1520 enim
430 1460 587 1536 nominat,
619 1461 672 1542 qui
701 1479 750 1522 ree
778 1457 893 1521 scilieet
914 1460 979 1542 ipee
1000 1479 1101 1542 gesse·

36 1537 82 1616 rit,
101 1547 129 1598 et
147 1538 229 1602 addit
248 1535 308 1602 cdx
328 1534 491 1624 ἀγνοήσεις
512 1535 613 1624 δήπου
636 1537 677 1603 sd
698 1541 752 1610 cd.
775 1561 907 1608 norrun.

104 1620 229 1704 Papo,
254 1641 303 1685 rr.
341 1627 405 1686 tui
431 1627 565 1711 ipsius
594 1647 676 1686 esse
708 1627 895 1709 coepisti.
948 1625 998 1686 De
1033 1645 1102 1686 mo-

35 1699 170 1768 nachismo
195 1707 397 1770 Cantacuseni
427 1707 503 1770 haec
528 1710 731 1792 interpretor,
754 1729 847 1790 quem
867 1727 901 1768 se
926 1705 1104 1770 medullitus

35 1797 154 1866 expetere
170 1793 259 1852 toties
287 1799 433 1868 testetur,
464 1803 495 1852 et
517 1791 576 1852 snb
595 1792 687 1853 finem
714 1791 784 1853 libri
812 1790 844 1870 d.
871 1812 939 1874 cap.
958 1789 1011 1872 42.
1033 1811 1105 1852 cum

34 1872 142 1954 coniuge
160 1873 362 1956 amplectitur.
404 1875 439 1936 ln
460 1895 498 1936 eo
517 1875 599 1936 vitee
619 1895 711 1938 cursu
734 1875 863 1940 maxime
893 1872 963 1936 licet
988 1873 1106 1936 homini

35 1971 108 2014 suum
127 1975 361 2042 essetecumque
381 1957 531 2036 habitere,
551 1977 608 2020 nec
627 1979 659 2020 ee
679 1968 762 2020 extre
784 1979 948 2041 quaerere3
971 1957 1049 2020 libro
1064 1957 1106 2034 5.,

35 2035 77 2097 ubi
97 2037 256 2110 decadem
277 2063 311 2106 re
333 2063 349 2102 a
370 2043 411 2120 it,
430 2037 569 2126 ἀφανείᾳ
588 2034 718 2122 nvivium
737 2035 791 2103 πᾶν
811 2036 916 2104 πάντα
936 2039 1017 2120 βίον,
1038 2039 1107 2102 κατ’

35 2115 151 2215 ἕμᾳυτόν
177 2116 305 2204 διάγων.
346 2063 491 2207 gulaque
520 2134 624 2186 autem
650 2126 833 2208 argumentis
859 2125 985 2206 lingitur
1015 2123 1106 2185 Nilus

34 2203 140 2280 qudam
167 2211 283 2272 amicus
314 2207 513 2272 Christodulo
548 2206 627 2288 (hoc
654 2217 727 2288 est,
759 2209 866 2270 loanni
891 2209 1103 2270 Cantacnseno

35 2283 131 2350 Christi
150 2293 264 2374 servm)
296 2291 381 2354 hanc
404 2291 579 2354 historicam
607 2292 800 2374 scriptionem
827 2290 955 2354 sundere
981 2309 1107 2373 anper·
1242 2347 1252 2370 ,

35 2371 152 2434 suadere.
176 2377 203 2436 l.
223 2388 257 2438 et
278 2375 325 2437 ll.·
361 2375 441 2454 Quin
462 2377 511 2437 vir
527 2375 746 2438 illustrissimus
773 2391 864 2456 atque
884 2377 1018 2458 optimus
1046 2383 1105 2448 est,

34 2453 121 2530 quales
139 2459 299 2540 scriptores
321 2459 379 2541 ipsi
410 2457 554 2522 historice
584 2459 758 2521 auctoritati
792 2469 885 2541 atque
925 2466 1106 2519 ornamento

36 2549 104 2630 nint.
143 2543 225 2606 Bene
245 2563 380 2624 namque
401 2541 542 2624 Euripid.
567 2542 715 2606 Hecube:
736 2535 828 2622 λόγος
846 2536 910 2621 γὰρ
930 2535 965 2604 ἔκ
983 2541 1011 2602 s'
1031 2537 1109 2600 eldo-

36 2615 152 2690 totvm
178 2621 237 2690 luds
267 2615 345 2688 nde
366 2623 428 2686 ruis
448 2623 648 2703 denudetur,
672 2618 769 2696 αὐτὸς
790 2616 828 2685 od
851 2618 964 2686 ταύτὸν
989 2621 1108 2686 σθένει.

37 2700 81 2768 ill.
96 2709 172 2786 Quia
189 2731 252 2772 non
276 2717 430 2794 spectator
449 2709 542 2770 modo
562 2707 684 2770 illerum
705 2727 822 2784 rerum,
837 2707 920 2789 quod
942 2707 1015 2768 satie
1033 2705 1108 2766 fuis-

36 2797 90 2867 eet,
118 2793 169 2857 ead
197 2807 284 2856 actor
314 2810 437 2875 quoqne
467 2790 535 2854 suit.
562 2791 619 2854 lv.
661 2793 743 2870 Quia
771 2790 907 2854 veritatis
938 2789 1109 2850 amantissi-

36 2885 108 2936 mus:
139 2875 228 2940 multi
259 2877 342 2938 enim
368 2873 504 2936 historici
534 2872 636 2936 multa*
659 2875 778 2934 mentiti
804 2883 876 2934 sunt
904 2875 1110 2934 mentiuntur·
1142 2901 1145 2915 ι

36 2971 102 3034 ‘luet
118 2957 263 3040 (memrm
282 2959 365 3022 illius
389 2957 520 3020 Senecae
540 2978 576 3020 ea
592 2953 658 3036 id·
690 2957 814 3035 Queest
839 2955 910 3018 Nat.
939 2975 1005 3037 cap.
1028 2953 1109 3016 dm:

35 3033 163 3105 Hismn'cs'
183 3067 254 3108 orem
273 3043 366 3109 multa
388 3042 505 3102 recutiti
522 3053 599 3116 sunt,
626 3039 786 3102 arbro-mm
811 3061 906 3116 emens,
934 3059 1025 3100 rusum
1049 3037 1111 3097 ati-

33 3139 109 3298 ΈἯ
127 3129 319 3294 :affl
330 3118 1111 3292 ffffidiaffcddddmmbedtfemidiffliffl

35 3303 73 3347 rus
89 3293 182 3374 prima
202 3293 265 3374 lex,
286 3313 325 3358 ue
345 3292 422 3377 quid
446 3291 556 3354 falsum
583 3291 717 3371 audeus,
750 3311 811 3352 neu
826 3287 900 3374 quid
919 3307 1027 3351 renem
1047 3307 1110 3350 nou

33 3371 142 3440 audeas.
181 3377 224 3440 V.
259 3377 341 3457 Quia
369 3373 506 3438 laborem
525 3395 588 3438 nou
607 3374 728 3455 oderit,
748 3385 785 3436 ut
803 3369 964 3452 nonnulli,
993 3391 1072 3455 quos
1092 3391 1115 3438 ι

34 3459 181 3546 praeclaris
198 3484 221 3524 u
280 3464 330 3524 tiis
349 3460 488 3544 oegniues
514 3461 675 3543 praecipue
697 3457 848 3530 deterret,
882 3477 953 3518 cnm
974 3455 1113 3538 ingenuit

34 3555 87 3616 Ῥω
107 3563 210 3608 retum
255 3543 411 3607 iffienltete
434 3554 550 3606 emanat
567 3543 697 3610 animus.
738 3540 798 3604 Vel
819 3539 980 3616 dicemus,
1005 3537 1114 3600 Nilum

33 3623 120 3688 {ribus
138 3629 184 3690 uti
212 3629 402 3691 rationibue=
431 3627 517 3710 quod
544 3647 649 3688 rerum
666 3628 803 3710 ipsarum
825 3635 934 3686 antor:
956 3619 1040 3706 quod
1060 3639 1116 3680 ve-

33 3721 96 3768 ras:
125 3711 208 3794 quod
235 3713 382 3796 impiger:
410 3731 542 3794 querum
562 3712 679 3792 priore·
697 3709 777 3772 duee
797 3729 833 3772 ex
854 3707 935 3771 illise
968 3705 1016 3768 tn
1034 3704 1116 3766 enim

32 3793 162 3868 thnds'u
180 3807 238 3858 etc.
258 3795 454 3874 colliguntur.
481 3813 616 3858 nosris.
1098 3864 1100 3873 ¹

107 3877 183 3960 Ρη.
197 3877 231 3952 8,
249 3899 295 3946 ιι.
318 3879 521 3942 Veritatis
541 3897 590 3937 ac
609 3875 800 3936 iustitiae
814 3871 1033 3960 exemplar.
1053 3867 1115 3930 Va·

34 3952 101 4020 rins
112 3971 143 4023 et
165 3965 281 4026 iustitia
300 3961 351 4025 hic
371 3961 453 4024 idem
466 3969 587 4039 tonant,
609 3955 692 4042 quod
705 3957 878 4040 saepissime
892 3958 925 4016 iu
934 3953 1047 4018 divinis
1064 3951 1118 4013 lit-

35 4042 109 4119 lffl't,
117 4067 247 4126 quarum
267 4045 350 4108 hune
372 4055 527 4108 auctorem
547 4063 610 4106 esse
629 4039 877 4125 perstudiosum,
897 4049 928 4098 et
950 4057 1053 4100 amare
1070 4055 1118 4098 sa·

34 4139 93 4187 ems
111 4127 178 4192 illas
199 4127 344 4213 loquendi
366 4129 489 4202 formes,
515 4137 632 4188 certum
653 4136 707 4192 est.
750 4123 915 4186 Ambulare
927 4123 960 4184 r'n
978 4123 1117 4194 ventare,

25 4205 124 4288 foeerq
141 4217 298 4280 uentrem
315 4227 345 4278 et
364 4213 518 4292 nutriam,
540 4209 583 4273 sie
600 4209 686 4276 decet
712 4227 768 4271 nos
787 4207 914 4292 reptem
933 4225 1049 4270 misens
1074 4205 1121 4276 sis-
