2874 4944
789 66 806 102 l

296 325 354 396 An
384 325 664 396 murenarum
692 329 768 396 eu.
797 333 840 398 11.
1026 306 1114 422 499

33 479 201 546 blintheoae
221 481 430 544 Gesneriauae.
470 479 590 544 Prodiit
616 501 677 544 non
705 481 748 544 ita
773 481 893 566 pridem
919 483 1045 552 Parisiis
1066 485 1115 550 lo·

33 569 139 646 gistica
169 569 234 629 eiua
263 585 313 626 sex
342 563 428 626 libris
459 565 675 646 comprehensa
702 567 865 648 interprete
893 569 1026 652 quodam
1050 572 1113 632 An·

33 648 94 730 glo.
137 651 173 711 ln
195 650 372 713 Latinorum
390 646 515 710 ecclesia
538 649 704 710 orthodoxe
734 651 904 730 educatus,
936 656 1055 714 transiit
1075 655 1114 718 ad

33 732 163 794 sehisrm
187 734 385 810 Graecorum,
405 753 458 794 seu
479 751 553 794 vero
572 753 625 794 seu
648 731 789 796 simulato
809 733 926 808 animo,
961 745 1036 796 teste
1057 759 1116 800 oo-

29 827 93 878 stro
118 816 326 878 Centacuzeuo
358 825 388 878 et
421 814 584 877 Philotheo
604 816 775 898 patriarcba
803 817 1115 901 Constantinopolita-

30 901 225 998 no,·passim
248 901 279 962 in
299 899 410 998 libris,
438 919 518 996 quos
533 910 640 999 eontra
660 899 866 999 Nicephorum
889 903 1055 983 Gregorarn
1077 905 1116 966 de

29 978 149 1046 lumine
171 982 328 1046 Thaborro
356 984 454 1065 deque
489 981 680 1049 distinctione
714 996 858 1046 essentiae
881 995 912 1048 et
934 987 1118 1068 operationis

30 1065 155 1128 divinae
173 1069 304 1148 scripsit,
325 1068 454 1128 maxime
479 1063 533 1128 lib.
559 1087 604 1134 ra.
647 1067 751 1146 Quare
772 1069 812 1130 ab
832 1067 896 1146 his,
927 1071 980 1150 qui
1001 1067 1116 1132 catalo-

29 1170 81 1230 gos
105 1152 288 1232 scriptorum
315 1149 497 1228 ediderunt,
523 1149 696 1212 reseruntur
722 1149 872 1212 Barlaami
898 1171 1051 1214 sermones
1079 1154 1118 1216 de

29 1235 222 1314 processione
241 1236 335 1296 uncti
363 1233 513 1315 Spiritus,
545 1236 739 1316 primamque
758 1233 907 1316 pontificis
930 1247 1036 1298 contra
1057 1237 1119 1298 La·

26 1319 122 1390 tiuos,
144 1337 233 1398 qnos,
255 1327 290 1380 ut
309 1318 436 1400 gratiam
457 1316 612 1378 sGraecis
632 1320 733 1394 iniret,
756 1316 928 1401 evulgavit,
956 1318 1119 1382 Thessalo-

27 1399 588 1546 lilaccassrrlrllmgrrfexealliaollludrrlhtlildm
600 1399 1118 1548 tqltlid‘qqltqqnggsqqqqgiqsiqnmq-

29 1567 127 1628 sivit:
152 1566 183 1628 in
203 1587 264 1650 qua
288 1587 358 1630 eum
381 1567 476 1628 multe
505 1569 668 1650 reperiret,
697 1587 776 1650 quae
804 1567 960 1650 probanda
986 1577 1017 1630 et
1042 1508 1121 1632 tile-

28 1649 130 1712 randa
150 1671 213 1712 non
239 1649 438 1729 viderentur,
470 1648 606 1734 linguam
634 1645 754 1734 publice
784 1653 816 1711 in
845 1650 968 1716 circulis
996 1659 1026 1714 et
1046 1674 1121 1714 oon·

23 1731 182 1810 ventibus,
202 1733 411 1816 calamumque
435 1735 467 1804 in
485 1737 610 1796 Musaeo
637 1735 781 1809 adversus
801 1732 966 1796 monachos
986 1755 1122 1810 exserere

29 1821 190 1902 coepit,et
209 1837 271 1882 nou
294 1817 530 1900 longotempora
549 1820 651 1880 omnia
673 1820 744 1880 rixis
759 1829 789 1880 et
810 1814 991 1891 tumultibus
1012 1819 1121 1899 imple-

28 1904 74 1962 vit
111 1903 305 1982 Graecosque
336 1900 471 1982 exemplo
492 1922 549 1962 suo
569 1901 696 1974 docuit,
726 1901 897 1983 transfugas
916 1911 946 1962 et
970 1913 1122 1982 apostatas

27 1981 214 2066 plerunque
234 1984 339 2046 turbas
357 1987 435 2046 ciere
455 1985 547 2046 etiam
575 1985 657 2065 apud
679 1984 765 2062 illos,
795 1983 835 2045 nd
858 2003 936 2066 quos
954 1985 1120 2068 transfugi-

27 2079 99 2148 unt,
122 2087 178 2131 nec
198 2067 371 2128 consultum
392 2087 467 2141 esse,
490 2077 525 2127 ut
544 2068 640 2132 cuivis
662 2067 741 2131 sores
761 2087 879 2150 semper
899 2076 1037 2150 pateant.

116 2149 231 2212 Utrum
251 2160 365 2225 autem,
387 2149 468 2232 quod
484 2149 523 2210 ed
545 2171 643 2212 mores
663 2162 694 2212 et
713 2154 808 2212 vitam
830 2151 957 2228 attinet,
982 2147 1123 2212 Barlaam

26 2231 191 2298 monachis
215 2233 273 2296 illis
296 2235 438 2296 iniuriam
457 2232 574 2311 fecerit,
597 2233 627 2294 id
642 2233 851 2296 Cantemueno
871 2233 955 2296 dictu
975 2253 1124 2316 perquam

28 2317 121 2382 facile
141 2327 196 2394 est,
215 2327 251 2378 ut
270 2328 302 2380 et
322 2315 502 2393 Philotimo,
524 2319 578 2400 qui
599 2317 766 2379 monachos
787 2315 855 2380 illos
878 2315 992 2400 prolixa
1017 2315 1123 2399 apolu-

28 2405 79 2484 gia
103 2411 228 2478 tueturq
258 2411 290 2464 at
313 2421 374 2466 nou
396 2401 597 2482 sequentis:
627 2423 688 2484 qua
709 2403 791 2462 enim
820 2403 902 2464 vitae
923 2401 1122 2462 sanctimonia

28 2488 211 2547 enituissent
237 2483 295 2562 illi,
327 2484 381 2566 qui
413 2485 581 2566 pernicioso
608 2485 770 2548 schismate
801 2484 842 2546 ab
866 2482 1011 2556 ecclesia,
1046 2504 1119 2559 nna,

28 2579 157 2643 saneta,
186 2567 344 2629 catholiea·
367 2578 397 2628 et
417 2566 580 2649 apostolica
610 2567 746 2628 abiuncti
776 2577 807 2627 et
833 2567 979 2648 segregati
1006 2569 1122 2626 erant?

29 2649 128 2712 Nulla
151 2654 292 2714 sanctitas
312 2661 395 2710 extra
415 2649 571 2712 cocionum
590 2661 737 2726 muctam,
759 2659 813 2710 aut
836 2650 861 2710 si
881 2670 959 2730 quae
971 2657 1029 2728 eet,
1049 2670 1123 2710 vera

28 2755 95 2796 non
119 2744 175 2810 est,
200 2733 300 2796 fucata
320 2745 375 2794 est.
417 2733 453 2794 ln
473 2751 552 2815 quae
571 2734 647 2796 vitia
678 2753 740 2794 non
760 2732 973 2814 praecipitetur
997 2732 1037 2806 ie,
1069 2733 1122 2815 qui

27 2819 167 2880 caritatis
188 2827 219 2878 et
238 2816 418 2878 concordiae
439 2835 562 2897 expers,
590 2837 645 2898 per
673 2816 742 2878 avia
763 2825 794 2876 et
822 2816 903 2876 invia
923 2815 1122 2878 schismatum

27 2911 175 2984 vagatur,
194 2899 299 2964 relicta
322 2898 375 2960 illa
394 2898 510 2982 plum
540 2902 611 2962 trita
641 2908 672 2960 et
692 2897 774 2982 regia
797 2897 961 2960 catholicae
974 2897 1123 2960 ecclesiae

27 2987 109 3048 viai
151 2984 271 3062 Quibus
298 2981 482 3046 daemonum
511 2981 651 3046 ludibriis
672 2993 702 3044 et
733 2982 850 3044 insidiis
880 2983 1031 3064 expositus
1060 3001 1124 3040 non

26 3069 71 3130 sit
93 3065 157 3144 ille,
178 3087 270 3150 quem
290 3069 392 3131 unitas
413 3087 483 3136 oum
503 3087 632 3148 corpore
650 3065 780 3141 Christi,
811 3065 896 3148 quod
924 3075 970 3128 est
989 3061 1123 3140 eeclesia,

27 3171 97 3212 nnn
119 3153 265 3212 munitet
287 3153 427 3233 protegit,
458 3152 508 3211 cui
529 3149 666 3214 Christus
685 3171 749 3212 nno
777 3159 822 3214 est
846 3159 958 3230 eaput,
988 3157 1019 3208 et
1037 3145 1125 3230 quod

27 3233 108 3296 binc
128 3235 341 3318 musequitur,
369 3255 425 3298 nec
444 3245 605 3310 tutamen,
638 3235 815 3317 praesertim
840 3234 866 3294 si
894 3231 935 3297 ad
955 3227 1124 3297 schismatis

26 3319 152 3380 crimen
171 3318 294 3380 accedat
313 3317 540 3400 disciplinarum
560 3317 734 3383 divinarum
763 3325 794 3378 et
812 3314 1016 3379 humanarum
1037 3313 1124 3397 ἱμο-

27 3403 156 3476 raetia,
185 3421 265 3483 qnae
286 3403 470 3464 monasticen
494 3402 526 3464 in
557 3403 684 3466 Graecia
711 3401 802 3484 louge
829 3397 948 3484 tueque
967 3397 1025 3464 hoc
1045 3408 1126 3460 tem-

41 3484 519 3633 „exstitistis
537 3485 910 3648 “tilid‘ffl‘lt‘s
923 3482 1126 3642 tt‘itiif

26 3645 113 3716 orat
143 3671 197 3714 seu
226 3653 412 3734 quiescentes
452 3647 608 3733 (sinaxim
639 3591 941 3734 aunmwperfectios
969 3587 1126 3730 qtioddam

26 3737 223 3797 monasticae
241 3735 322 3798 vitae
343 3755 437 3817 genus
462 3733 641 3812 censebant)
670 3757 741 3798 cum
769 3744 823 3798 aut
850 3736 983 3797 suaviter
1008 3729 1127 3793 dormi·

24 3829 105 3880 rent
124 3829 178 3880 nur
198 3819 398 3882 dormitarent
424 3827 477 3882 ant
498 3818 706 3896 somniarent,
730 3815 851 3881 meleati
874 3813 1008 3898 quodam
1027 3821 1059 3874 et
1077 3811 1125 3874 di·

25 3903 111 3964 vino
134 3903 264 3986 ipsisque
285 3904 435 3984 corporeis
458 3899 554 3964 omlis
581 3903 745 3983 conspicuo
775 3897 890 3960 lumine
910 3917 974 3960 sese
996 3895 1127 3958 nimum·

27 3985 126 4046 fundi
152 3987 333 4048 crederent:
363 3983 471 4066 angelo
491 3995 612 4048 satanae
641 3987 673 4048 iu
705 3981 848 4068 angelum
876 3979 952 4044 lucis
972 3999 1005 4040 se
1025 3987 1126 4040 hans
1173 4013 1179 4028 ι

27 4069 205 4145 formante,
240 4069 330 4152 plane
351 4067 603 4132 himsaliaoorum
629 4068 692 4130 ritu
716 4078 747 4130 at
767 4067 928 4141 instituto3
955 4082 1016 4124 non
1044 4062 1127 4126 enlm

164 4151 606 4320 rumas
619 4147 1128 4316 mm

97 4257 109 4298 Ι
151 4256 274 4302 W

689 4633 919 4688 litteralem
948 4629 1099 4680 trenam(

689 4719 739 4774 of
763 4719 924 4772 ΑΝΟΙΕΝΤ
945 4715 1101 4768 lilo'l'bill

824 4803 974 4858 oxfottl)
