2874 4944
291 345 805 425 mumsmamuan.
914 281 917 287 ¹
1009 309 1157 444 449²

109 507 263 596 Pupam,
275 509 306 574 8.
325 503 472 590 onorata
494 518 608 590 vocat,
628 527 708 592 quas
728 501 849 594 praeter
872 507 956 573 illam
976 505 1103 598 parram

39 607 145 654 crucem
164 594 235 657 foris
255 593 380 656 fortasse
404 613 422 654 a
442 592 521 656 collo
540 592 728 675 pendentia,
755 613 851 676 eaque
872 614 947 657 auro
968 607 998 658 ct
1019 619 1104 680 gem.

37 675 86 736 nris
103 677 244 759 insignia,
271 674 393 738 inclusis
414 685 588 738 sauctorum
608 675 757 760 reliquiis,
777 675 924 761 gestabat.
946 698 1080 744 scuras.

108 758 180 841 Bag.
193 779 323 845 ²99³st
342 749 512 840 γράμματά
533 777 567 820 ra
587 753 698 838 ἔχοντα
722 761 765 824 Μ.

108 841 327 928 Pag.299,23.
348 843 454 903 alam
462 841 755 924 flammantem.
795 841 928 905 Videtur
956 842 1005 907 ala
1031 867 1105 930 pru·

35 925 123 1004 prium
143 927 232 988 fixisse
251 924 424 1012 symbolum
445 946 549 988 eorum
566 927 767 1004 nuntiorum,
786 947 862 1010 quos
882 919 1106 1010 ταχυδρόμους

37 1008 192 1090 vocabant,
207 1031 245 1072 eo
260 1011 370 1088 modo,
390 1031 452 1094 quo
474 1011 608 1070 notarios
631 1030 684 1070 seu
702 1007 816 1071 scribas
834 1009 985 1092 quosdam
1004 1015 1105 1076 nomi·

33 1090 137 1154 rabant
157 1088 405 1176 ταχνγράφους,
435 1093 476 1154 ob
497 1089 681 1154 celeritatem
705 1091 867 1155 scribendi.
909 1093 989 1156 Hinc
1014 1099 1107 1158 etiam

34 1183 139 1236 statuae
158 1177 219 1236 cciv
238 1171 449 1258 ταχυδρόμων
463 1185 550 1237 erant
570 1173 745 1256 ercamrai,
778 1197 832 1237 seu
852 1175 970 1258 arurae,
1001 1179 1107 1260 quales

33 1257 197 1319 visebantur
220 1257 294 1321 olim
314 1257 594 1341 Constantinopoli,
611 1268 688 1320 teste
702 1258 821 1319 Codino
834 1260 865 1318 in
886 1281 940 1321 sua
955 1260 1108 1324 Constan-

32 1340 147 1421 tinopoli
168 1338 221 1404 sol.
245 1345 320 1421 55„
339 1342 394 1403 ubi
414 1353 515 1404 tamen
536 1343 641 1402 Dousa
657 1342 757 1422 inepte
778 1345 871 1404 vertit
902 1340 1017 1425 στήλας
1056 1367 1108 1408 co·

32 1421 150 1503 bannus,
170 1445 242 1488 cum
265 1425 445 1486 vertendum
467 1426 505 1486 sit
527 1438 646 1486 stamas.
687 1425 824 1486 Manavit
839 1435 941 1486 autem
962 1447 1029 1489 mos
1048 1449 1109 1491 ea·

31 1501 203 1585 χυδρόμους
224 1508 280 1570 alis
300 1508 469 1570 instruendi
489 1507 529 1569 ab
551 1507 673 1570 ethnico
692 1509 865 1584 Mercurio,
897 1510 950 1594 qui
982 1521 1013 1572 et
1044 1511 1110 1593 ipse

31 1585 140 1671 alatus,
161 1602 309 1677 tanquam
331 1591 409 1654 celer
428 1592 564 1654 nuntius.
606 1589 649 1653 Et
669 1587 807 1660 flammae
830 1590 900 1654 illae
922 1594 1021 1676 pictae
1041 1593 1110 1656 lue·

29 1683 113 1752 mnt;
142 1695 215 1736 nam
235 1685 268 1738 et
287 1677 365 1759 ignis
392 1673 553 1736 celeritatis
574 1673 836 1758 hieroglyphicum
856 1686 913 1738 est.
954 1675 1000 1737 lte
1023 1678 1110 1740 laco·

29 1749 80 1816 bus
97 1757 274 1821 Gretscrus.
323 1757 385 1820 Per
412 1756 586 1820 huiusmodi
619 1756 699 1818 alam
727 1759 882 1820 ardentem
912 1769 944 1820 et
972 1763 1108 1842 pictam,

28 1855 110 1918 quarn
121 1841 218 1904 Moesi
234 1841 391 1904 traderent
410 1843 543 1923 nuntiis,
570 1857 647 1924 quos
666 1839 823 1904 ambulare
842 1861 935 1924 quarn
955 1842 1112 1908 celerrime

26 1921 147 2001 vellent,
167 1923 230 1987 dici
254 1936 287 1987 et
305 1926 364 1986 hoc
387 1924 514 1986 forsitan
529 1934 648 2008 potest,
672 1923 765 1986 simul
783 1925 822 1986 ad
842 1926 1030 1988 Mercurium
1046 1925 1112 1989 ala·

26 2012 102 2084 tuns,
125 2007 217 2070 simul
240 2009 281 2070 ad
299 2005 389 2070 ludos
408 2006 567 2089 allusisse,
588 2007 642 2090 qui
662 2007 791 2070 Athenis
823 2007 937 2070 fiebant
971 2019 1003 2070 et
1025 2007 1113 2089 ἐγῶ-
1137 2053 1139 2060 .

25 2103 70 2158 sse
91 2089 320 2171 λαμπαδοῦχυι
338 2089 528 2155 dicebantur.
570 2090 607 2152 Iu
631 2090 667 2152 iis
693 2091 747 2174 qai
768 2091 911 2154 currebat
918 2090 1113 2176 ,lampadem

25 2171 173 2235 ardentem
201 2175 348 2250 tenebat,
381 2194 508 2258 eamque
537 2173 678 2258 deinceps
705 2195 832 2236 cursuro
863 2173 1013 2237 tradebat.
1063 2175 1112 2238 Eo

24 2273 107 2316 cursu
127 2269 158 2320 et
175 2257 320 2342 lampade
340 2256 493 2320 humanae
514 2259 595 2320 vitae
614 2255 794 2320 brevitatem
818 2257 1002 2324 indicabant.
1031 2257 1112 2320 Pro-

24 2339 85 2416 pius
114 2339 154 2402 ad
182 2342 267 2404 alam
302 2351 437 2402 nosuam
469 2340 674 2404 flammantem
693 2341 810 2403 accedit
830 2341 1010 2404 Cornificius
1030 2340 1111 2404 libro

23 2429 123 2486 oetam
142 2425 184 2488 ed
207 2425 410 2493 Herennium.
451 2425 522 2488 Non
542 2425 621 2486 enim
636 2469 646 2504 ,
661 2425 762 2506 inquit
776 2469 787 2504 ,
802 2424 1056 2568 Zucmadmodum
1077 2425 1111 2487 tit

20 2505 199 2589 palaestra,
230 2510 286 2595 qai
310 2509 417 2571 taedas
448 2509 586 2570 ardentes
616 2509 740 2591 accipit,
770 2529 802 2568 oe
830 2510 895 2568 rior
913 2519 956 2568 eet
973 2509 1007 2569 in
1025 2525 1111 2570 ausu

22 2592 173 2671 commo,
194 2612 292 2678 mmm
311 2591 385 2672 ille,
400 2595 453 2678 qut
468 2591 581 2653 tmdit:
610 2591 657 2650 ita
677 2591 785 2651 melebr
800 2593 965 2674 imperator
990 2609 1108 2664 noctu,

22 2674 69 2752 qui
79 2677 189 2760 accepit
206 2674 391 2751 eremium,
415 2694 509 2760 qrtam
528 2673 601 2745 tlte,
621 2673 676 2756 que'
692 2671 828 2747 decedat,
850 2684 1013 2760 propterea
1031 2671 1115 2756 meod

23 2753 194 2838 &oetgeate
215 2777 321 2820 auser
337 2758 452 2842 uuegra
460 2759 588 2838 facem,
610 2755 659 2813 bri:
676 2758 790 2837 perires
819 2756 987 2840 irnpemtor
1014 2757 1112 2838 impe-

21 2839 72 2898 nto
90 2844 262 2904 samiam
286 2838 389 2909 dudd.
410 2839 493 2923 Lege
510 2847 666 2921 praeterea
676 2881 686 2913 ,
706 2837 732 2897 si
750 2835 860 2917 lubet,
880 2835 1037 2920 epistolam
1056 2835 1111 2922 69.

21 2918 108 3003 Lipsii
131 2926 286 2988 Centurio
307 2921 389 3001 111.‚
410 2919 581 2984 ubimulta
603 2917 723 2980 disserit
741 2919 782 2984 de
799 2919 1039 2982 hemerodromis
1059 2939 1114 2982 seu

20 3009 193 3073 cursoribus
217 3007 346 3087 diariis,
378 3007 432 3092 qui
451 3025 514 3071 nno
534 3003 586 3068 die
606 3001 735 3090 pedibus
759 3005 888 3090 spatium
910 3005 1016 3088 iugens
1037 3023 1114 3065 coa-
1223 3011 1228 3021 '

17 3083 167 3155 ficiebant.
183 3109 319 3160 course.

94 3177 180 3258 Pae.
195 3178 316 3256 eoas.
340 3174 496 3261 σφετέρου
518 3173 565 3238 M.

95 3260 325 3344 Pag.300,aa.
345 3259 483 3323 scalas
499 3259 625 3324 binae.
665 3255 787 3342 Lipsius
814 3251 1006 3320 Poliorcetici
1034 3251 1114 3318 libro

21 3355 43 3404 ¹.
66 3337 193 3428 dialogo
213 3342 248 3410 6.
269 3363 304 3404 ex
326 3343 448 3408 Herone
474 3341 647 3405 reticulmas
666 3354 756 3405 vocet
783 3361 802 3404 e
831 3339 964 3424 stuppeis
991 3337 1115 3401 funibus

15 3423 109 3488 instar
128 3429 207 3490 retis
227 3437 402 3502 contextas,
433 3424 473 3488 ad
501 3447 633 3511 quarum
656 3427 846 3490 summitates
866 3422 951 3488 hauri
983 3423 1114 3500 adiecti,

15 3516 49 3568 ut
70 3529 244 3573 murorum
263 3511 373 3593 pinnas
390 3509 661 3592 apprehenderent.
684 3527 818 3574 nosram
980 3521 989 3530 “

95 3593 182 3678 Pag.
196 3597 333 3668 Sarna.
350 3587 549 3674 ἐπιβοηθεῖν)
569 3596 614 3656 Μ.
1030 3602 1034 3621 “

95 3671 270 3761 hadad,
290 3675 338 3744 16.
370 3677 566 3738 'ntroivin
608 3677 692 3756 Quid
711 3678 875 3761 imperator
897 3695 987 3738 senex
1010 3670 1049 3734 ad
1069 3689 1118 3733 aa

12 3757 149 3822 cundum
172 3761 323 3822 nuntium
344 3759 383 3822 dc
401 3761 537 3842 ingressu
558 3762 675 3841 nepotis
693 3762 727 3820 in
746 3761 857 3822 urbem
878 3759 1001 3830 iecerit,
1024 3773 1120 3836 expo·

11 3843 56 3900 nit
77 3844 241 3926 Gregoras
272 3845 341 3904 sice
371 3841 549 3926 Imperator
569 3842 650 3903 aolus
676 3843 820 3920 relictas,
846 3859 903 3903 nec
931 3854 1119 3980 quenrpuans

10 3922 147 4006 labens,
169 3926 303 4013 quicum
322 3926 458 3987 dolorem
479 3944 566 3985 suum
591 3927 850 4002 communicaret,
863 3927 897 3984 in
917 3941 1004 3982 maan
1037 3931 1119 3980 ecas-

11 4007 76 4068 lum
94 4023 126 4072 et
152 4015 168 4070 ι·
187 4029 223 4072 se
243 4007 398 4083 incubuit,
413 4007 503 4068 nulla
517 4021 600 4068 ueste
616 4021 731 4068 exuta.-
757 4009 815 4068 sed
828 4026 895 4067 una
911 4023 979 4065 mem
1005 4004 1044 4064 iis
1061 4022 1120 4064 ex-

10 4101 114 4156 trema
189 4093 370 4178 speratione
387 4089 514 4166 induta,
539 4092 645 4152 ardmo
664 4089 777 4152 crebris
799 4101 829 4151 et
851 4087 981 4150 disemis
1005 4086 1121 4168 cogita-

11 4175 146 4236 tionibus
164 4187 331 4238 accusante
345 4173 493 4252 iacebat,
519 4193 625 4256 corpas
642 4174 700 4236 leae
718 4185 811 4257 atque
833 4171 908 4232 illae
940 4170 1045 4232 erebro
1068 4189 1120 4230 re-

11 4259 158 4320 volvens.
205 4255 340 4319 Interam
354 4277 483 4341 magam
497 4255 546 4320 aa
564 4257 680 4320 υαΙαιίί
691 4259 784 4340 forus
802 4253 947 4318 emaum
970 4251 1117 4330 audiun,

47 4373 278 4430 Camaeaeenue
295 4369 345 4426 ut
884 4385 921 4439 ²9
