2854 4936
292 333 347 394 aa
378 329 659 396 caaraenzaar
690 330 764 395 un.
785 337 810 395 1.
1009 303 1094 417 379

35 488 180 572 nopolltnni
199 487 338 549 locabant
358 483 433 548 lilios
453 507 536 563 suas,
559 497 588 548 et
612 487 837 548 Cantacnzenus
869 483 1005 548 Orcheni
1020 477 1097 547 Per-

35 597 76 634 sae
97 595 146 634 seu
173 573 293 634 Tuscae
332 573 433 654 potius
464 571 658 632 Theodoram
695 569 789 632 filiam
829 581 960 654 nuptum
999 569 1103 638 dedit.

34 677 154 719 enarra.

104 740 176 821 Pag.
197 737 247 818 ιθ,
273 737 319 800 13.
340 737 409 826 qni
433 737 587 802 Ioanni
612 739 809 801 Batntzae
836 739 922 823 imp.
944 757 1096 822 capere.

33 843 63 886 tc
77 821 324 890 dediderant.
367 822 434 883 Hoc
458 819 492 882 civ
513 820 703 904 παρεοθέσει
725 823 860 896 dictum,
877 841 970 904 quam
988 823 1095 883 Graeci

33 915 123 966 notare
135 927 196 966 noa
209 904 324 966 solent:
339 927 400 988 quo
409 907 599 968 attentiorem
607 915 726 989 oportet
739 925 802 968 esse
813 909 1019 988 interpretem.
1032 905 1097 966 Ve-

33 987 141 1050 risimile
153 990 204 1067 lit,¹
219 989 413 1072 Sytziganurn
434 991 525 1050 istum
545 989 710 1052 barbarum
730 1009 801 1050 cum
818 1009 911 1050 uxore
925 989 1097 1050 Constanti-

32 1071 149 1152 nopolim
161 1075 316 1156 migrasse,
334 1073 506 1155 ibidemque
519 1077 662 1156 susceptis
676 1073 917 1135 Christianorum
937 1073 1029 1134 sacris
1043 1071 1099 1133 ha·

33 1155 128 1217 bitesse
145 1167 174 1218 et
186 1161 220 1218 ia
238 1155 343 1218 eadem
354 1157 431 1218 urbe
442 1157 641 1242 Syrgiaaaem
656 1157 752 1218 lilium
772 1161 918 1240 genuisse.
942 1173 1075 1218 aeneas.

98 1239 386 1325 Pag.18‚15.qur
407 1243 533 1326 ipsum
552 1263 568 1303 e
587 1243 837 1323 sacrofonte
858 1251 1098 1324 susceperat.¹

32 1321 84 1382 Hos
101 1325 223 1406 quidam
241 1335 447 1406 susceptores,
471 1324 522 1386 alii
543 1335 710 1408 compatres
729 1335 857 1386 vocant:
883 1323 995 1384 debent
1015 1325 1098 1382 enim

31 1427 89 1465 cara
103 1418 246 1488 paterna,
264 1428 321 1489 pro
333 1409 443 1492 quibus
462 1411 495 1469 ia
509 1409 658 1492 baptismo
678 1407 849 1490 spondent,
863 1409 896 1466 in
917 1404 1099 1468 Christianis

31 1491 156 1553 institutis
172 1490 354 1554 erudiendos
368 1495 517 1576 suscipere
536 1504 567 1555 et
587 1495 618 1554 in
633 1514 669 1554 eo
683 1503 841 1575 paternam
858 1489 979 1552 illorum
993 1509 1100 1550 curam

30 1593 127 1652 gerere.
168 1577 234 1638 Nisi
259 1577 327 1656 quis
349 1574 436 1637 malit
455 1575 495 1636 ab
515 1597 550 1638 eo
570 1575 631 1638 dici
662 1587 865 1659 susceptores,
894 1573 978 1658 quod
998 1571 1099 1634 insana

29 1666 79 1716 tera
97 1656 143 1719 vel
164 1657 351 1721 abluendum
370 1657 494 1721 salutari
513 1659 617 1740 fonte,
646 1657 698 1724 vel
718 1659 857 1722 ablutum
878 1658 1098 1740 suscipientia

30 1739 82 1818 ipsa
100 1741 231 1806 brachia.
275 1742 389 1804 Graece
421 1755 465 1806 est
493 1739 554 1804 αἰιὸ
582 1743 642 1805 rori
664 1740 755 1824 ἁγίου
775 1740 976 1826 partemne
998 1730 1102 1802 ateis

29 1821 254 1902 οἰαίὲξαμένοα.
295 1826 387 1904 Quod
410 1827 512 1889 Latini
536 1827 661 1906 dicunt,
682 1847 757 1888 vose
777 1827 928 1888 eGraeco
942 1825 1025 1886 fonte
1047 1844 1100 1886 ce-

29 1903 120 1983 dente,
140 1908 326 1992 baptizaris
346 1907 576 1988 depaciscitur,
597 1909 631 1971 id
651 1911 930 1993 Graeclpraeterea
954 1905 1021 1968 aliis
1042 1907 1099 1967 tri·
1143 1951 1144 1954 ι
1202 1943 1206 1950 ·

29 1987 75 2049 hus
93 1990 239 2067 efferunt,
263 1989 479 2077 φωτίζεσθαι,
502 1991 753 2076 σφραγίζεσθαι,
776 1989 1010 2072 sciscitentur,
1027 1991 1102 2052 illu-³

29 2075 140 2151 αἰασιί,
161 2077 338 2160 obsignari,
355 2079 496 2160 pangaei.
536 2077 624 2156 Quae
643 2085 768 2156 umen,-
788 2076 814 2138 si
833 2075 998 2138 verborum
1017 2075 1101 2156 ipso·

29 2173 85 2216 rura
108 2161 169 2220 vim
199 2172 231 2222 et
262 2179 385 2221 sensum
411 2157 541 2224 velimus
572 2162 756 2244 exprimere,
794 2179 857 2222 non
880 2159 922 2220 sic
946 2155 1101 2220 reddenda

29 2250 104 2314 sunt,
124 2243 176 2304 sed
207 2241 360 2326 baptismo
381 2243 484 2318 ablui,
522 2263 609 2306 sacro
629 2242 714 2306 fonte
733 2243 834 2326 tingi,
866 2242 991 2304 salutari
1020 2261 1101 2384 aspra

28 2323 168 2404 perfundi,
199 2347 287 2388 sacro
318 2347 388 2389 rore
416 2331 511 2412 tingi,
549 2327 670 2389 coelesti
702 2327 786 2390 fonte
815 2325 962 2400 lustrari,
985 2335 1016 2386 et
1034 2323 1101 2386 aila
1136 2353 1143 2374 a

29 2409 217 2489 compluribus
251 2410 369 2488 modis,
400 2433 477 2496 quos
508 2411 666 2474 latinitatis
692 2410 819 2473 studiosi
841 2410 925 2471 haud
945 2411 1099 2490 ignorant.

29 2485 88 2550 Dies
109 2505 208 2556 autem
232 2492 306 2572 ille,
341 2517 404 2579 quo
421 2497 536 2558 Christi
568 2495 713 2579 baptizati
736 2495 883 2556 memoria
902 2489 1100 2574 celebratur,

29 2575 101 2635 etia
128 2577 209 2640 diem
242 2579 433 2662 Epiphaniae
455 2583 487 2641 in
505 2580 616 2640 Latina
636 2578 762 2640 ecclesia
784 2576 911 2656 incidit,
934 2598 953 2636 a
976 2575 1102 2636 Graecis

28 2659 147 2732 patribus
174 2655 293 2746 pedraca
315 2655 421 2744 ἡμέρα
448 2663 641 2740 nominatur,
661 2661 725 2722 dies
754 2661 922 2721 lurnimtm:
952 2657 1102 2740 siquidem

30 2739 179 2824 φωτισμὸν
207 2739 279 2807 cirri
306 2745 522 2824 βαπτίσματος
548 2745 722 2828 frequenter
753 2745 915 2824 accipiunt.
956 2743 1003 2802 lta
1025 2743 1103 2802 Gre÷

28 2827 115 2900 gorius
138 2828 347 2890 Nazianzenus
367 2831 536 2890 orationem
566 2847 602 2890 eo
623 2829 672 2889 die
703 2825 840 2887 habitam
872 2825 1024 2908 inscripsit
1056 2821 1103 2896 εἷς

27 2901 59 2962 τὰ
82 2902 155 2990 ἅμα
168 2911 273 2995 φῶτα.
296 2913 359 2991 Qui
380 2932 452 2996 ergo
471 2913 583 2974 festum
602 2910 755 2973 luminum
774 2909 856 2992 apud
882 2911 1013 2969 Graecos
1039 2927 1103 2968 esse

27 2985 122 3054 letum
142 2995 361 3076 purificationis
384 2997 501 3058 Mariae
520 2995 646 3072 voluat,
677 2993 838 3056 falluntur.
888 2989 972 3053 Fons
1000 3001 1103 3050 antem

26 3069 51 3130 in
68 3073 210 3158 basilicis,
225 3089 260 3141 ut
280 3081 399 3143 notavit
421 3082 592 3142 Brissonius
611 3079 830 3141 commentario
850 3074 990 3138 deseris
1010 3072 1104 3134 Chri·

26 3157 133 3240 ainata,
152 3164 279 3245 proprio
301 3175 332 3226 et
351 3163 493 3246 baptismi
513 3163 614 3226 officio
634 3161 801 3244 specialiter
823 3161 925 3222 dicato
947 3158 1016 3220 loco
1028 3177 1103 3220 con·

26 3237 211 3321 eludebatur,
243 3248 330 3308 cuius
361 3248 595 3332 appellationem
626 3246 728 3309 Latini
758 3244 923 3308 verborum
950 3245 1054 3326 inopes
1084 3261 1103 3302 a

26 3322 134 3389 Graecis
170 3330 400 3412 mendicantes,
435 3332 538 3394 locum
567 3353 638 3394 eum
671 3330 883 3412 baptisterium
911 3333 1102 3409 nuncupant.

26 3405 119 3472 Graeci
140 3434 231 3475 snum
251 3413 327 3476 illud
357 3415 474 3478 Latinis
494 3416 720 3494 commodatum
746 3414 879 3476 verbum
895 3409 1104 3494 intempestive

25 3505 144 3570 mpetere
165 3497 329 3579 nolentes,
357 3496 573 3584 φωτιστὴριον
593 3501 721 3573 dicunt,
743 3496 925 3560 Ambrosius
944 3511 1103 3577 regenera-

23 3577 98 3636 tionis
113 3584 296 3644 sarmatum.
337 3583 380 3644 Et
399 3603 505 3645 recens
524 3583 668 3665 baptizati
687 3594 756 3644 tum
774 3577 944 3666 οιόφοιοι,
964 3590 1032 3638 tum
1050 3593 1101 3637 re-

24 3657 184 3738 οφιότιστοι
205 3665 446 3749 appellabantur.
466 3687 598 3729 scaras.

95 3745 172 3830 Pug.
200 3771 248 3834 19,
277 3769 303 3810 ι.
348 3744 386 3810 tv
399 3750 506 3830 μέλλοι
526 3749 572 3832 τῷ
587 3747 645 3830 τῆς
663 3745 851 3830 ἁλουργίδας
871 3734 963 3807 ἄνθει
983 3731 1101 3820 κοσμὴ·

21 3841 97 3892 oeta„
109 3831 203 3916 Quem
223 3849 383 3896 οαιαοιιησ
402 3849 445 3896 est
463 3845 570 3896 ornatu
582 3853 756 3916 purpurae5
771 3823 869 3900 ἄνθος
885 3829 999 3910 quippe
1010 3825 1102 3884 etiam

21 3923 50 3963 ea
70 3917 192 3976 notione
212 3928 280 3992 est,
304 3940 365 4000 qua
387 3913 525 3995 κόσμοςς
546 3915 599 3975 sed
618 3913 861 3995 μεταφορικῶς,
893 3921 929 3970 ut
957 3910 1103 3970 Latinum

22 3985 77 4065 llos,
97 4017 184 4080 saepe
204 3999 317 4077 decus,
340 3999 385 4063 ele
424 3997 809 4074 atiam,nulchrltudinem
833 4004 864 4056 et
884 3999 1099 4052 ornamentum

21 4075 161 4170 qssqddam
181 4082 338 4166 significat.
414 4095 427 4145 t
445 4092 526 4145 certe
547 4071 640 4142 iata
661 4082 713 4143 hic
741 4079 841 4162 potius
863 4079 962 4160 ipsum
984 4065 1099 4146 ια’λλος

21 4171 68 4213 τοο
92 4157 273 4246 βάμματος,
304 4173 454 4230 tincturae
481 4169 546 4230 sive
564 4163 678 4227 coloris
705 4161 886 4248 purpuracei
907 4161 1038 4224 nitorem
1061 4176 1097 4218 ac

21 4255 195 4312 venustatem
215 4255 368 4336 quandam
389 4251 534 4316 declarat.
580 4271 712 4314 rastas.
