2874 4944
307 338 363 402 an
389 335 668 402 muracuzeur
698 341 771 402 ure.
799 343 824 402 1.
1029 313 1115 416 ddi

79 509 123 550 nes
144 498 172 552 et
192 488 224 550 id
244 509 337 574 genus
357 488 425 567 alia,
446 509 553 550 verum
573 492 663 550 etiarn
690 489 732 552 ah
753 491 824 573 ipsis
845 489 1045 554 schismaticis
1062 504 1118 553 aut

53 511 194 634 haereticis
213 584 387 656 patrentur,
416 575 486 656 sine⁴
502 595 603 635 rerum
624 575 663 636 ad
688 574 842 636 ecclesiam
863 597 968 638 veram
996 581 1117 658 proprie

52 658 250 736 pertinentium
271 658 445 718 ministerio.
486 657 638 738 Equidem
658 677 719 719 non
747 661 869 741 ignoro,
903 658 1015 720 multos
1048 663 1117 741 pie·

51 747 103 798 tate
120 750 148 800 et
166 739 300 802 doctrina
320 750 501 823 praestantes
516 741 598 802 viros
617 761 691 815 esse,
715 745 768 823 qui
787 751 906 823 putent,
916 743 1017 803 Deum
1032 763 1115 804 nun·

51 841 132 902 quam
162 822 224 884 ullo
251 824 481 892 haereticoraut
500 823 688 886 schismatico
719 827 765 886 uti
785 827 817 886 in
839 824 996 886 effectione
1022 826 1117 887 mira-

50 904 190 981 culorum,
211 929 247 968 ac
269 908 395 990 proinde
418 907 566 990 quidquid
599 911 631 968 in
652 907 710 970 hoc
731 929 839 992 genere
857 909 989 982 iactent,
1012 907 1044 968 id
1065 921 1115 970 to-

49 996 105 1048 tum
124 993 384 1065 commentitium,
411 1012 524 1054 vanum
549 1001 578 1053 et
600 991 745 1055 frivolum
778 1013 850 1056 esse.
890 991 1115 1058 Praedicabant

48 1069 210 1135 Donatistae
231 1075 316 1137 varia
335 1073 497 1152 miracula,
527 1075 580 1137 sed
604 1097 639 1138 ea
659 1077 760 1137 omnia
778 1076 829 1146 vel
849 1085 885 1136 ut
904 1076 1008 1136 inania
1029 1097 1113 1136 com·

48 1166 148 1231 menta,
171 1155 219 1220 vel
240 1170 275 1221 ut
294 1181 374 1221 vana
394 1158 524 1220 ludibria
539 1160 642 1220 reiecit
661 1171 782 1222 sanctus
801 1160 1000 1241 Augustinus,
1026 1179 1117 1220 vero-

47 1257 107 1298 rum
134 1239 348 1304 miraculorum
375 1241 508 1324 alioquin
535 1242 816 1306 observantissimus
851 1253 884 1304 et
910 1244 1116 1306 severissimus

47 1320 154 1396 vindex,
176 1335 212 1386 ut
233 1347 269 1388 ex
290 1324 345 1388 lib.
367 1347 417 1390 nn.
439 1327 477 1388 de
502 1327 623 1390 civitate
645 1327 703 1388 Dei
724 1324 832 1410 liquet.
872 1326 923 1388 Ab
958 1326 1016 1388 bac
1044 1347 1116 1387 sen-

47 1407 128 1466 tentia
148 1417 227 1472 stare
244 1409 366 1472 ridetur
397 1411 595 1493 experientia:
626 1432 696 1472 cum
725 1414 807 1472 enim
836 1411 990 1471 innumeri
1019 1429 1116 1491 prope

45 1483 175 1551 haeretici
195 1513 214 1554 a
233 1496 334 1576 primo
353 1492 500 1576 evangelii
512 1505 590 1556 ‚ortu
611 1496 796 1576 exstiterint,
822 1493 874 1555 vix
894 1504 995 1556 tamen
1015 1491 1116 1554 ullum

45 1573 227 1654 reperiemus,
242 1597 334 1659 quem
353 1577 568 1640 miraculorum
590 1581 686 1662 gratia
717 1578 860 1640 claruisse
890 1588 1030 1638 veterum
1058 1597 1117 1636 an-

43 1653 116 1718 nales
134 1667 305 1742 testentur,
341 1672 395 1723 aut
425 1663 450 1724 si
478 1661 580 1745 aliqua
600 1660 746 1724 miracula
765 1658 903 1722 nonnulli
925 1660 1030 1720 fecisse
1059 1658 1117 1722 visi

44 1749 123 1817 runt,
153 1739 201 1804 illi
221 1753 291 1826 post
311 1743 483 1828 diligentem
515 1745 737 1828 inquisitionem
758 1755 789 1806 et
809 1745 1026 1824 inspectionem
1053 1762 1117 1805 non

42 1820 248 1890 miraculorum
272 1827 444 1904 effectores,
477 1829 531 1890 sed
551 1829 723 1892 seductores
748 1839 778 1889 et
798 1829 975 1910 impostores
1006 1826 1115 1907 depre-

42 1899 118 1968 hensi
136 1921 220 1988 sunt,
243 1933 314 1972 cum
333 1913 365 1974 iu
386 1912 510 1974 eeclesia
530 1912 678 1974 catholica
697 1913 874 1984 etRomana
892 1910 1018 1991 perenni
1040 1910 1118 1970 serie

41 2005 186 2074 nunquam
208 1993 370 2071 defuerint,
392 1999 446 2078 qui
469 2016 516 2058 res
540 2006 623 2056 extra
642 2015 763 2056 omnem
777 2005 902 2055 naturae
923 2003 1115 2074 potestatem,
1154 2001 1159 2016 '

41 2077 245 2156 omnipotentis
255 2078 360 2140 dextra
372 2080 481 2157 adiuti,
494 2077 654 2140 efficerent.
676 2079 740 2140 Nec
751 2078 851 2140 obstat
862 2075 938 2138 illud
947 2075 1059 2141 Matth.
1067 2075 1117 2139 8.:

40 2151 124 2216 Mutet
141 2160 245 2222 dicent
268 2163 345 2222 milri
363 2163 397 2224 in
427 2163 488 2224 itta
511 2163 580 2223 die:
603 2161 755 2240 Domine,
777 2161 931 2235 Domine,
971 2159 1119 2220 nemesin

39 2241 149 2304 nmine
172 2256 222 2304 tuo
247 2246 493 2330 prophetavimus
519 2258 549 2306 et
570 2247 603 2307 in
625 2247 748 2308 nomine
773 2259 822 2306 tuo
843 2243 1008 2306 άαεηιοηία
1030 2244 1119 2303 eieci·

40 2337 96 2381 mm
105 2327 267 2390 etsie-truce
285 2329 393 2390 multus
394 2330 528 2412 ferimur
541 2341 600 2392 etc.
643 2328 763 2408 Quibus
784 2329 921 2390 dicetur:
951 2327 1120 2410 Nunquam
1248 2356 1253 2378 r

37 2407 103 2466 novt
125 2430 198 2470 vos:
219 2431 284 2472 non
306 2413 388 2473 enim
410 2413 587 2496 intelligitur
606 2413 645 2474 de
669 2411 826 2475 haereticis
849 2421 880 2472 et
908 2409 1116 2484 schismaticis,

38 2488 85 2548 nd
102 2487 140 2553 de
159 2493 337 2556 orthodoxis
359 2495 430 2575 illis,
450 2501 514 2580 qui,
531 2499 595 2558 vita
613 2497 751 2578 improbe
768 2505 932 2572 asumma,
943 2493 1019 2553 hinc
1035 2501 1120 2553 extra

36 2573 142 2648 gratiae
167 2589 282 2639 statum
309 2581 452 2661 migrant.
495 2579 607 2644 Videat
632 2579 727 2642 lector
755 2575 938 2638 cardinalem
958 2574 1118 2636 Bellarmi·

36 2671 103 2715 uum
123 2657 204 2722 libro
225 2659 256 2740 4.
288 2661 470 2724 deecclesia
490 2683 556 2746 cap.
583 2661 631 2742 sd.
694 2660 812 2739 Quodsi
832 2659 906 2720 haec
933 2659 1039 2741 opinio
1059 2655 1117 2718 ali-

35 2739 79 2798 cui
99 2743 201 2806 minus
221 2744 354 2806 arrideat
374 2746 605 2828 contendatque,
627 2746 728 2806 Deum
747 2741 909 2826 aliquando
929 2745 1021 2803 etiarn
1041 2739 1116 2802 hae·

34 2824 180 2887 rationes
207 2828 405 2890 schismaticis
435 2849 482 2890 res
518 2851 609 2910 supra
636 2839 777 2890 naturam
797 2827 906 2909 agendi
938 2825 1118 2887 facultatem

34 2898 142 2988 largiri,
168 2913 195 2970 is
219 2913 263 2972 ita
284 2913 393 2972 sentiat
412 2913 499 2974 licet:
528 2923 665 2974 auctores
685 2915 792 2984 enim,
821 2909 935 2992 quibus
957 2931 991 2972 se
1009 2907 1116 2971 desen·

31 2984 88 3066 dat,
111 2991 229 3054 hahere
249 2994 371 3056 videtur
389 3005 527 3056 sanctum
548 2995 798 3078 Chrysostomum
816 3003 846 3055 et
866 2991 1069 3075 Euthymium
1081 2990 1114 3050 in
1157 3005 1159 3016 ·

31 3087 90 3153 etp·
112 3095 145 3156 7.
179 3077 342 3152 Matthaei,
364 3078 477 3140 Bedam
498 3090 528 3139 et
547 3076 810 3161 Theophylactum
830 3075 863 3136 in
883 3097 947 3156 cap.
967 3097 1000 3159 9.
1017 3072 1116 3134 Marci

30 3163 57 3213 et
75 3167 219 3220 sanetum
240 3159 446 3245 Augrrminum
466 3161 520 3228 lib.
529 3162 560 3239 4.
577 3161 616 3222 de
636 3181 783 3222 consensu
795 3157 981 3242 Evangelist.
995 3178 1062 3240 cap.
1073 3156 1115 3232 5,

30 3239 78 3316 qui
94 3242 288 3304 arbitrantur
313 3244 421 3323 illum,
449 3249 503 3328 qui
529 3243 626 3309 Marci
646 3265 676 3327 9.
702 3255 733 3306 et
754 3245 855 3305 Lucae
875 3263 906 3326 9.
931 3243 964 3303 in
989 3241 1115 3304 nonnae

29 3319 139 3386 christi
158 3325 319 3389 daemonia
334 3329 476 3391 eiiciebm
493 3340 524 3392 et
549 3327 589 3390 ab
603 3328 744 3412 apostolis
768 3325 940 3411 prohibitis
957 3325 1032 3403 tuit,
1056 3345 1115 3386 nec

27 3401 155 3470 fidenae
176 3431 308 3493 corpore
323 3411 437 3476 Christi
455 3411 646 3496 disciplinam
664 3423 802 3476 secutum
824 3431 900 3474 esse.
943 3412 1114 3491 Utcumque

27 3487 73 3564 sit,
96 3490 159 3553 hoe
171 3493 268 3556 lixum
292 3506 453 3582 ratumque
470 3509 600 3572 maneat,
624 3517 691 3559 eam
711 3506 891 3582 potestatem
909 3515 971 3556 non
988 3491 1115 3554 concedi
1141 3557 1145 3569 ⁸
1244 3494 1247 3502 ’
1281 3545 1283 3554 ,

26 3567 55 3630 lu
71 3577 335 3642 confirmationem
350 3579 500 3663 falsitatis,
518 3581 569 3643 vel
582 3583 616 3642 in
638 3581 844 3644 testimonium
861 3577 1026 3640 sanctitatis
1040 3576 1114 3638 hae·

25 3659 108 3718 retici
129 3671 187 3722 aut
206 3661 401 3742 schismatici,
421 3663 476 3747 qui
501 3684 537 3726 ea
551 3685 644 3746 opera
664 3666 793 3747 perlicit,
816 3684 888 3726 eum
904 3661 989 3723 nulla
1002 3660 1116 3720 saneti·

23 3745 83 3800 tate
106 3743 148 3805 sit
170 3745 338 3826 praeditus,
362 3745 416 3808 sed
435 3745 501 3808 dari
517 3767 537 3808 a
557 3748 625 3808 Deo
648 3747 688 3808 ad
711 3747 845 3830 aliquam
861 3745 1015 3828 publicam
1034 3739 1116 3801 utili·

23 3829 127 3903 tatem,
150 3839 190 3889 ut
213 3839 258 3891 est
277 3831 374 3912 gratia
390 3832 538 3904 sanitatis,
562 3829 742 3892 nominatim
763 3830 818 3892 illa
832 3827 959 3890 curandi
983 3836 1115 3888 amenas

21 3923 166 3972 concam
187 3912 307 3994 regibus
327 3913 476 3975 Franciae
490 3922 522 3976 et
540 3911 682 3996 Angliae,
703 3933 783 3995 quae
802 3911 903 3973 adhuc
925 3910 1017 3978 etiam
1032 3905 1115 3988 apud

21 4007 83 4052 non
115 3994 285 4060 catholicos
317 3997 491 4058 Britanniae
524 4016 609 4079 reges
638 3997 749 4058 durare
780 3995 912 4072 dicitur,
943 4003 980 4053 ut
1010 3989 1116 4052 scribit

21 4069 214 4139 Wilhelmus
235 4081 373 4144 Tooclrer
393 4083 426 4140 in
449 4077 541 4153 libro,
567 4079 618 4140 cui
649 4079 756 4142 titulus
778 4079 937 4148 chamsmn
973 4074 1037 4138 sire
1059 4074 1117 4136 do-

19 4175 92 4218 nnm
112 4165 297 4240 sanationis,
330 4162 402 4226 licet
422 4162 636 4226 Genehrardus
658 4164 691 4225 in
717 4160 912 4243 chronologia
937 4160 1039 4234 dicat,
1059 4158 1116 4220 do·

20 4255 98 4306 num
118 4241 184 4308 hoc
199 4245 315 4333 aliquot
339 4248 487 4314 duntaxat
510 4267 617 4332 regum
638 4268 716 4335 esse,
734 4269 798 4314 non
820 4247 967 4316 omnium.
1007 4241 1117 4308 &ddi
