2944 4934
306 303 363 388 ln
393 317 845 390 mathesuentam.
1045 295 1130 410 549

44 489 221 544 tentaruntr
248 480 439 563 conspicati,
469 481 594 566 opinor,
615 499 647 542 se
669 479 750 564 apud
768 481 999 566 perspicaciores
1060 501 1130 546 rum

42 566 212 644 allecturus,
225 565 251 626 ai
269 566 401 646 primam
416 562 500 626 illam
517 567 598 628 viam
617 565 730 626 inirent
743 575 773 626 et
787 575 941 628 tenerent:
959 568 1013 648 qui
1048 567 1131 628 enim

40 647 185 710 insulsius
205 645 393 725 etstolidius,
412 669 504 729 quam
517 668 659 725 asserere,
681 651 810 730 primam
835 660 866 711 et
886 669 1058 730 supremam
1082 648 1130 709 di-

39 733 189 814 gnitatern
208 734 240 793 iu
256 729 453 793 ecclesiastica
471 730 640 794 hierarchia
666 731 798 813 pendero
817 731 857 794 ab
880 732 1007 794 arbitrio
1035 733 1131 812 impe·

38 818 174 877 satoris?
215 811 318 876 Aliam
345 835 417 896 ergo
448 817 597 878 rationem
627 815 804 878 ambitiosae
827 835 899 878 suae
924 813 1059 897 cupidini
1081 836 1129 876 sa-

38 897 210 960 tisfaciendi
241 896 458 980 excogitarunt.
525 899 693 960 Romanam
723 899 805 961 enim
837 897 994 962 ecclesiam
1018 899 1131 980 passim

35 982 216 1126 ttthfflt
226 979 1152 1148 dimittitis&tiittstttitittttti„

36 1168 152 1230 eosque
170 1168 289 1209 errores
305 1148 428 1228 foveat,
449 1159 572 1212 tueatur
598 1159 628 1210 et
662 1150 804 1210 omnibus
832 1148 1056 1232 amplectendos
1072 1149 1130 1209 ob·

35 1231 160 1293 trudat.
197 1233 323 1313 Quapxn
345 1242 391 1294 ter
405 1253 471 1292 eam
487 1234 601 1316 primae
613 1232 691 1294 sedis
708 1231 823 1296 honore
847 1244 878 1294 et
899 1232 1031 1293 culmine
1052 1231 1143 1296 exci-.

35 1315 130 1392 dnae,
153 1312 292 1398 hancque
314 1253 492 1398 dignitatem
509 1315 547 1377 ad
574 1315 939 1400 Constantinopolitanum
959 1314 1131 1398 praesulem

34 1397 195 1459 transiisse
212 1398 404 1461 dictitabant.
446 1399 554 1474 Primi,
575 1401 627 1482 qui
647 1399 727 1460 hanc
746 1403 827 1461 viam
844 1399 936 1483 paulo
949 1400 1130 1479 expressiore

59 1481 119 1542 ede
139 1481 313 1563 presserunt
335 1493 365 1543 et
384 1483 575 1560 institerunt,
595 1481 739 1545 videntur
756 1483 847 1546 luisse
863 1494 964 1566 patres
979 1481 1023 1543 illi
1034 1481 1128 1542 Trul-

33 1503 125 1641 hai,
146 1567 200 1646 qui
221 1576 256 1626 ut
275 1567 481 1648 turpissimam
499 1567 712 1640 ambitionem,
736 1587 798 1648 qua
818 1566 1010 1646 aestuabant,
1032 1563 1131 1626 hono

34 1648 125 1710 etatis
150 1649 238 1731 quasi
267 1649 337 1711 velo
361 1647 574 1726 obnuberent,
605 1651 691 1711 varia
722 1650 754 1710 iu
794 1651 972 1712 Latinorum
1003 1647 1129 1710 eeclesia

33 1751 172 1812 carpere,
193 1733 288 1794 immo
308 1742 339 1794 et
359 1732 504 1796 damnare
525 1734 648 1816 ingressi
668 1743 760 1794 sunt:
782 1744 817 1794 ut
837 1734 1054 1794 continentiam
1074 1753 1129 1792 seu

31 1813 220 1876 caelibatum
241 1817 449 1890 punistmrum
468 1815 618 1894 ecclesiae,
641 1817 785 1878 ieiunium
806 1815 942 1882 sabbati:
968 1817 977 1874 i
999 1817 1026 1878 si
1046 1817 1129 1876 enirn

32 1899 165 1960 sabbato
194 1919 259 1959 non
288 1900 445 1979 ieiunant;
486 1903 608 1962 missam
635 1900 796 1981 perlectam
828 1911 859 1961 et
887 1838 1067 1980 complletam
1098 1899 1130 1959 iu

31 1981 291 2064 quadragesima:
322 1983 379 2064 ipsi
405 1985 509 2059 enim,
540 1995 661 2065 excepto
689 1983 738 2044 die
759 1983 932 2061 dominico,
954 1982 1080 2044 sabbato
1099 1992 1131 2042 et

30 2067 111 2126 sesto
145 2066 401 2142 annuntiationis,
447 2067 555 2128 ceteris
573 2066 820 2150 quadragesimae
845 2067 954 2127 dicbus
977 2063 1131 2126 celebrant

30 2151 179 2223 misem,
201 2167 294 2230 quam
315 2158 426 2210 vocant
446 2149 508 2210 τῶν
529 2147 815 2230 προηγιασμένων,
836 2149 869 2210 id
889 2159 960 2228 cst,
984 2171 1027 2210 es:
1036 2169 1131 2231 prac-

28 2232 247 2318 sanotfficntis,
271 2232 311 2292 ad
334 2253 404 2294 eum
428 2233 490 2299 fere
510 2233 658 2310 modum,
689 2253 751 2314 quo
772 2234 874 2294 Latini
894 2231 944 2292 die
964 2253 1050 2292 sacro
1073 2252 1128 2312 pa-

30 2337 178 2376 rasceues
205 2335 240 2376 ex
263 2315 527 2396 praesanctificatis
559 2315 708 2378 offeruntz
744 2317 800 2376 etsi
822 2316 929 2378 Graeci
951 2337 1013 2376 non
1037 2335 1131 2374 unam
1230 2319 1233 2327 ’

30 2411 158 2460 tantum
177 2398 319 2480 speciem,
339 2411 375 2461 ut
395 2400 508 2477 Latini,
528 2399 581 2462 sed
601 2411 765 2481 utramque
785 2397 957 2476 adservant,
977 2409 1007 2458 et
1028 2399 1059 2457 in
1073 2397 1132 2457 hnc

30 2503 92 2543 sua
119 2484 212 2542 missa
233 2481 389 2548 adhibent.
431 2484 623 2544 Accusarunt
644 2485 734 2543 etiam
757 2483 895 2559 Latinos,
917 2479 1037 2562 quoda
1060 2501 1132 2540 son·

30 2569 132 2648 garine
156 2575 186 2626 et
207 2563 355 2626 suffocato
377 2587 439 2626 non
468 2566 661 2640 abstineant3
704 2565 787 2646 quod
808 2565 924 2626 aditum
950 2561 1132 2623 adsacrum

29 2649 135 2711 altare
158 2647 241 2708 laicis
261 2669 321 2710 non
344 2646 568 2724 intercludant,
588 2658 625 2708 ut
647 2647 676 2708 id
709 2667 804 2729 genus
835 2647 895 2707 alia
930 2656 1129 2727 praeteream.

31 2732 162 2808 Quibus
181 2723 422 2793 accusationibus
444 2731 524 2791 viam
545 2751 607 2792 nou
633 2730 704 2806 sibi,
727 2729 781 2790 scd
800 2729 867 2791 aliis
885 2729 1073 2803 munierunt,
1096 2737 1133 2788 ut

36 2815 217 2898 pontificem
239 2815 413 2876 Romanum
433 2813 546 2874 desua
568 2812 714 2895 dignitate
734 2811 877 2874 excidisse
903 2810 1024 2893 publice
1042 2832 1131 2894 prae-

34 2901 192 2960 dicarent.
234 2897 309 2957 Nam
330 2899 401 2980 ipsis
423 2897 570 2957 satisfuit
592 2898 622 2956 in
638 2897 788 2978 praesenti
806 2917 864 2958 ova
886 2898 1033 2976 posuisse,
1053 2916 1133 2976 quac

33 2981 95 3044 alxi
118 2979 322 3054 excluderent,
343 2999 550 3061 canonemque
572 2979 611 3040 de
629 2981 770 3062 episcopo
797 2973 1134 3059 Constantinopolitano

33 3065 215 3126 condidisse
243 3062 332 3146 longe
363 3063 641 3147 impudentiorem,
663 3084 756 3146 quam
788 3064 968 3144 impostores
995 3073 1134 3142 tempore

34 3147 173 3209 Concilii
194 3149 283 3229 primi
308 3145 632 3228 ,Constantinopolitani
653 3157 683 3206 et
703 3142 978 3206 calchedonensiar
1015 3143 1134 3226 dequo

32 3231 133 3316 plura
149 3232 328 3292 Franciscus
349 3231 520 3293 Turrianus
540 3229 592 3296 lib.
616 3229 654 3290 de
676 3239 776 3305 sexta,
812 3249 845 3290 se
866 3229 939 3288 tima
975 3239 1005 3290 et
1025 3237 1134 3288 octava

32 3313 172 3399 synodo.
211 3314 338 3376 Secutus
368 3325 413 3374 cst
433 3313 580 3392 Phanas,
652 3313 764 3394 iquae
781 3251 921 3372 Trullani
942 3311 990 3372 isti
1012 3309 1134 3394 legisla-

31 3412 126 3460 tores
148 3399 331 3480 iuceperant,
355 3397 533 3478 perliceret,
564 3417 613 3458 am
637 3399 730 3458 itione
753 3395 856 3458 throni
878 3395 1135 3476 Constantinopo-
1235 3463 1237 3470 ¹

32 3482 132 3544 lirani
155 3479 245 3542 omui
267 3492 298 3542 et
317 3480 419 3542 furore
440 3482 472 3542 in
495 3479 655 3542 Nicolaum
681 3481 816 3564 primm
899 3479 1009 3540 tificem
1037 3489 1069 3538 et
1102 3479 1135 3537 in

30 3577 160 3628 ceteros
180 3565 334 3626 Romanos
350 3563 502 3645 praesules
521 3567 680 3642 incensus,
711 3563 796 3646 quod
858 3573 993 3642 starent,
1026 3582 1065 3624 ue
1087 3581 1136 3622 se-

30 3651 115 3710 dem
138 3648 339 3709 Constantino
381 3647 506 3710 iitanam
525 3658 632 3708 contra
654 3647 701 3708 ius
720 3657 751 3707 et
770 3646 815 3708 sas
834 3656 1013 3728 occupatam
1033 3643 1136 3724 quiete

30 3729 221 3816 possideret.
243 3731 292 3792 De
311 3731 337 3790 P
361 3733 424 3790 otio
437 3731 497 3792 diei
512 3739 621 3812 potest,
644 3728 727 3812 quod
748 3729 955 3792 Tertullianus
969 3726 1049 3788 libro
1061 3745 1135 3786 con·

30 3829 90 3878 tra
114 3813 345 3874 Valentinianos
365 3833 431 3894 cap.
449 3811 479 3892 4.
499 3813 539 3874 de
559 3811 745 3875 Valentino:
767 3811 953 3896 Speraverat
973 3811 1133 3893 episcopa-

30 3913 106 3962 tum
129 3897 309 3959 Valentinus
328 3895 505 3972 (Photius),
528 3897 599 3980 quio
620 3907 651 3958 et
675 3896 792 3975 ingenio
810 3906 930 3978 poterut
949 3905 981 3953 et
1001 3891 1132 3974 cloquio.

29 3981 110 4042 Sed
122 3981 220 4042 aliun
238 4001 280 4040 eac
300 3981 446 4057 martyrii
483 3980 676 4060 naemgativa
695 3977 888 4061 laeipotitam
904 3976 1083 4054 indignatio,
1098 3973 1138 4034 de

30 4063 167 4126 ecclesia
180 4064 366 4125 audientiae
383 4001 502 4142 νεώ
516 4061 646 4146 abrupit,
667 4065 722 4138 (ut
742 4060 836 4122 solent
860 4059 956 4120 cauni
971 4077 1031 4141 pro
1048 4057 1137 4142 pno-

31 4161 115 4210 mtu
125 4147 220 4210 amerb
226 4147 470 4229 praescriptione
481 4145 600 4206 reltabru's
616 4143 763 4226 accendi,)
776 4141 822 4204 ad
829 4138 1061 4226 erprgnandam
1067 4161 1137 4202 con-

32 4249 148 4292 versan
170 4231 342 4310 cardamas,
364 4243 392 4294 et
411 4227 563 4294 crsmsdmn
575 4229 683 4294 octaris
702 4227 852 4312 opinionis
874 4227 981 4288 manni
1000 4239 1069 4290 acta
1084 4245 1135 4286 co-
