2874 4944
304 244 394 350 454
679 270 994 340 muorsrrosns

179 395 182 400 Ι
303 453 370 514 oop.
396 431 457 514 ad,
555 432 671 512 alebat,
694 435 720 495 al
740 433 860 496 vicisset
881 430 1000 504 hostes,
1031 425 1251 511 degantlsslmu
1272 447 1381 512 quoque

304 526 414 577 ornatu
430 537 462 578 se
504 519 609 600 ignum
633 537 713 594 esse,
743 525 785 596 et,
810 518 952 578 civitam
971 515 1004 574 in
1027 514 1092 574 acie
1121 513 1293 590 iarrritteret¹
1323 535 1382 574 cum

304 599 437 682 quodam
458 598 566 662 decore
587 603 792 683 oppetiturum
822 600 855 658 in
883 607 1038 660 armatura
1064 593 1234 678 splendida.
1277 597 1381 656 bleno-

304 693 352 744 rat
372 683 443 744 item
465 683 589 746 Curtius
616 683 671 745 lib.
695 683 727 749 5.
753 681 963 768 Alexandrum
990 689 1076 742 scuta
1097 679 1220 740 laminis
1247 683 1383 760 argenteis
1434 687 1435 704 ³

305 768 482 847 operuisse,
512 789 606 850 equos
625 767 738 830 fraenis
760 767 862 827 eureis'
883 767 1049 827 ornavisse.
1092 761 1174 826 Vide
1197 783 1321 823 causam
1339 763 1384 824 ibi.
1434 771 1435 844 j

303 849 456 932 Praecipit
470 854 542 914 item
555 852 736 912 Onosander
752 850 940 932 imperatori,
962 857 1057 924 curet,
1077 856 1113 907 ut
1135 847 1287 907 exercitus
1306 849 1384 909 armis

235 951 237 958 ¹
303 932 530 1014 splendentibus
553 935 717 996 instructus
738 932 863 1016 fulgeat.
881 931 997 1012 ‘Quod
1016 926 1099 992 facili
1120 932 1245 1012 negotio
1266 929 1341 1010 fiet,
1365 933 1385 992 si

304 1014 475 1099 gladiorum
496 1039 656 1079 mucrones
676 1017 773 1102 probe
793 1027 942 1078 acuantur
965 1027 996 1078 et
1017 1011 1120 1097 galeae
1141 1011 1321 1096 loricaeque
1336 1015 1385 1076 be·

167 1161 172 1170 ,
303 1111 433 1181 quenter
461 1101 681 1184 abstergantur.
722 1100 833 1162 Milites
862 1103 944 1163 enim
971 1100 1058 1182 quasi
1084 1096 1271 1158 micantibus
1293 1117 1387 1158 armo-

301 1203 373 1244 rum
393 1185 529 1246 scintillis
548 1183 746 1248 terribiliores
765 1195 928 1267 apparent,
948 1181 1123 1263 multaeque
1143 1177 1387 1264 peroculosepe·

302 1266 364 1328 cies
384 1267 415 1328 in
435 1271 552 1330 animos
574 1267 725 1352 delapsae,
746 1280 914 1352 perterrere
934 1267 1122 1328 adversarios
1142 1263 1253 1326 solent.
1290 1265 1389 1326 Adda-

302 1369 373 1412 mue
393 1363 423 1413 et
437 1355 514 1414 istuc
528 1373 585 1436 pro
600 1351 772 1416 corollario.
795 1351 860 1415 Leo
873 1354 1038 1434 imperator
1057 1347 1096 1410 de
1118 1359 1271 1430 apparatu
1289 1346 1389 1409 bellino

304 1455 370 1516 cap.
379 1435 409 1496 6.
434 1437 553 1520 Quanto
565 1435 716 1500 decenn'or
734 1439 767 1498 in
787 1449 942 1500 armanno
961 1455 1015 1496 suu
1036 1433 1122 1494 miles
1141 1433 1393 1506 cantantomoior

304 1517 354 1579 illi
377 1519 530 1595 alacritas,
560 1529 592 1582 et
607 1521 733 1582 nosn'bru
742 1519 885 1604 sonnido
904 1518 1109 1580 veliementior
1127 1515 1238 1578 dent.
1266 1535 1390 1576 nosris.

402 1601 482 1684 Png.
497 1602 571 1680 326,
589 1601 636 1682 14.
668 1597 699 1664 οἱ
719 1601 778 1680 μὲν
805 1597 948 1683 θώραξιν
967 1599 1002 1662 dx
1021 1595 1144 1680 βύρσης
1164 1597 1390 1678 πεποιημένοις,

304 1677 334 1746 οἱ
355 1681 392 1746 dd
417 1681 652 1759 ἀλυσειδωτοῖς.
681 1685 828 1768 Virgilius
850 1685 879 1752 5.
914 1683 1043 1746 Aeneid.
1062 1691 1153 1744 vocat
1181 1679 1313 1742 loricam
1331 1703 1391 1742 oon·

304 1781 414 1830 senam
428 1770 535 1833 humb.
576 1767 856 1853 Explicat·Lipsius
875 1766 934 1830 boc
955 1787 1049 1851 genus
1067 1763 1201 1838 loricae,
1229 1763 1270 1824 de
1293 1763 1390 1824 militia

304 1851 394 1918 Rom.
415 1849 470 1913 lib.
492 1856 524 1916 5.
543 1851 616 1913 dial.
638 1852 669 1916 6.
710 1852 836 1914 Lot-icus
863 1852 1002 1913 bamam
1029 1849 1176 1910 duamur
1199 1847 1329 1924 Εαιῠιί,
1348 1850 1388 1907 in·

304 1935 394 2016 quit,
423 1938 496 2021 qrn'u
518 1937 623 1998 cs'ruult'
653 1949 683 1998 et
708 1951 830 1996 catum
849 1957 948 1998 nexae
967 1934 1084 1996 Mmutt
1099 1933 1228 2018 spectem
1242 1929 1389 1992 dimrdt'nd

305 2019 490 2094 refferebant:
512 2021 564 2082 vel
576 2021 649 2105 qrnir
663 2034 694 2081 et
710 2021 796 2080 humi
815 2019 968 2080 camnulas
987 2015 1155 2100 derigebant.
1197 2013 1311 2076 Loriea
1330 2015 1390 2095 qui-

305 2099 375 2161 dem
396 2102 519 2164 hamata
538 2124 627 2164 versa
649 2125 667 2165 a
692 2105 786 2166 veteri
807 2100 973 2164 bibliorum
994 2102 1172 2181 interprete,
1193 2095 1249 2164 lib.
1275 2117 1301 2160 ι.
1322 2097 1387 2176 ling.

305 2205 375 2264 cap.
402 2205 460 2268 ιφ,
482 2186 538 2246 ubi
559 2187 589 2246 in
613 2187 733 2248 Graeco
756 2183 867 2268 θώραξ
889 2177 1103 2259 dilucidanda,
1137 2179 1329 2242 adverbum
1349 2179 1391 2239 lo-

307 2267 372 2328 rica
385 2281 530 2336 catenata.
572 2269 614 2332 Et
637 2291 700 2331 non
721 2268 805 2331 aliud
824 2269 903 2347 luit,
934 2289 1027 2350 quam
1058 2265 1166 2330 circuli
1202 2265 1269 2326 sire
1292 2261 1389 2324 annuli

306 2349 396 2410 ferrei
416 2354 495 2414 inter
516 2373 549 2414 se
571 2355 660 2432 nexi,
682 2375 767 2416 more
786 2374 878 2435 quern
900 2351 991 2414 bodie
1013 2348 1096 2412 Galli
1114 2359 1146 2411 et
1165 2349 1314 2410 Germani
1331 2367 1388 2408 ser·

306 2453 422 2510 vamus,
443 2437 499 2497 etsi
524 2436 750 2506 exolescentem.
774 2455 906 2502 rourirn

390 2518 469 2600 Pag.
486 2519 558 2603 327.
575 2521 624 2585 23.
637 2543 714 2620 per
738 2521 977 2606 phalangas.
996 2519 1141 2602 Vegetius
1162 2513 1217 2583 lib.
1238 2538 1269 2578 a.
1288 2533 1388 2596 sapa.

306 2599 505 2678 Macedones,
531 2603 655 2677 Grnecr,
676 2603 823 2666 Dardani
841 2605 1007 2688 phalanges
1025 2605 1198 2668 natumst.
1231 2597 1312 2662 Vide
1328 2599 1391 2658 Ste-

305 2684 406 2758 vechii
420 2699 583 2748 comment.
606 2687 778 2749 Alexander
792 2685 834 2752 eb
843 2687 1018 2749 Alexandro
1031 2687 1088 2750 lib.
1099 2685 1130 2749 6.
1152 2705 1221 2766 cap.
1237 2683 1287 2745 15.
1310 2679 1393 2766 Quud

306 2767 383 2850 legio
403 2770 556 2852 quondam
575 2771 660 2856 apud
665 2771 819 2840 ¹Iiomnnos
827 2772 907 2854 furi,
926 2771 963 2831 r'd
976 2773 1160 2855 pbalangem
1172 2767 1309 2844 Gmca's,
1323 2765 1389 2824 lta-

305 2851 462 2913 redonibus
481 2868 511 2914 et
538 2855 697 2916 Dardanii
730 2857 888 2940 ceterisque
911 2855 1082 2916 nationibus
1113 2853 1263 2924 nunnae,
1295 2870 1390 2910 nma-

306 2938 411 2996 mentis
426 2937 581 3020 preditum
602 2953 654 2999 est.
695 2939 747 2999 Ea
768 2941 850 3001 enim
868 2941 900 3000 in
920 2939 1014 3000 tinem
1035 2957 1161 3022 campo,
1184 2948 1216 2996 et
1233 2935 1262 2995 εἰ
1278 2930 1388 3016 pianda

305 3023 477 3102 exspatiari
495 3021 602 3101 licerit,
627 3043 741 3104 magno
760 3025 828 3090 ωυί
840 3023 921 3104 fidl-
963 3023 1036 3082 Otm
1056 3043 1129 3084 vem
1147 3021 1242 3081 mlii
1256 3016 1389 3097 saw*

305 3114 335 3161 et
352 3108 524 3188 pmensptrssc
542 3109 652 3186 amu,
672 3121 724 3170 uret
745 3107 824 3167 inter
841 3119 967 3186 angusta
996 3105 1117 3167 viunem
1140 3105 1307 3187 poemllws
1335 3117 1387 3158 Μ’

306 3197 348 3243 est
367 3205 407 3248 ea
426 3189 473 3248 uis
491 3203 703 3274 potestasque.-
726 3193 844 3334 pur'ppe
873 3187 1073 3250 Macedonica
1097 3187 1242 3273 phalanx
1260 3181 1387 3244 W·

307 3267 357 3343 lr's,
377 3290 493 3354 semper
508 3295 550 3336 ex
568 3274 670 3334 stabili
684 3293 726 3358 pe
748 3287 820 3334 num
841 3276 972 3354 agmine,
993 3293 1047 3334 nec
1063 3273 1205 3356 partiri,
1226 3289 1280 3330 nec
1296 3262 1388 3324 dittdl

293 3345 410 3430 facilis
430 3368 517 3432 emt,
539 3357 622 3440 quod
639 3359 672 3420 in
692 3357 831 3419 Romarm
854 3355 969 3438 legione
981 3357 1074 3440 donge
1093 3375 1174 3418 semu
1193 3363 1250 3416 etc.
1273 3349 1385 3430 Optime

305 3431 497 3518 Phalangem
524 3439 652 3523 explicat
673 3439 799 3502 curtius
818 3439 873 3510 lib.
892 3441 934 3520 5„
953 3457 1025 3500 cum
1051 3439 1091 3501 de
1110 3431 1323 3500 Macedonibus
1342 3428 1384 3490 1⁰·

305 3519 421 3604 quitur.
442 3539 569 3588 ronrsu.

389 3603 467 3685 Peg.
479 3603 554 3682 528,
568 3603 597 3670 8.
618 3596 724 3688 ὥσπερ
749 3608 794 3672 Μ.
815 3627 877 3689 mg.
896 3625 953 3687 pro
974 3597 1027 3677 cde.

392 3685 563 3769 Pugnae,
584 3711 630 3751 12.
661 3694 827 3752 instare
855 3687 1102 3754 cedentibus.
1151 3685 1254 3748 Etiam
1282 3682 1381 3744 betia·

304 3770 453 3856 quaedam
465 3771 611 3854 fugientes
630 3783 866 3854 persequuntur,
880 3782 1094 3916 persequentes
1113 3768 1243 3850 fugiunt.
1263 3767 1301 3829 Et
1312 3785 1382 3908 Π

303 3859 385 3918 niam
407 3854 530 3918 barbari
552 3877 661 3938 parum
681 3859 826 3920 differunt
846 3879 865 3918 a
908 3856 983 3917 rutis
1006 3853 1226 3932 animantibus,
1240 3853 1305 3936 quia

303 3937 384 4018 bari,
405 3939 464 4000 boc
478 3951 522 4002 est
536 3940 666 4018 inculti,
689 3952 831 4024 agrestes,
853 3939 1012 4001 inhumani
1034 3949 1117 4010 sunt,
1135 3959 1199 3998 non
1219 3939 1383 3998 mirumne·

304 4023 335 4082 in
358 4023 415 4085 hoc
433 4043 557 4108 quoque
580 4022 691 4084 bestias
710 4027 836 4104 imitari,
852 4044 1002 4106 sensuque
1022 4026 1122 4104 potius
1138 4021 1219 4100 duci,
1232 4037 1314 4104 qrram
1329 4033 1381 4072 m-

304 4106 387 4166 tione
409 4109 489 4188 regi,
510 4127 580 4166 eum
601 4108 677 4190 quid
697 4110 819 4170 virtutis
850 4117 942 4190 atque
967 4105 1156 4168 fortitudinis
1178 4107 1239 4182 sit,
1260 4121 1313 4162 non
1331 4100 1380 4156 ui·

304 4189 407 4267 deant,
425 4199 456 4250 et
472 4197 595 4272 gustum
614 4211 705 4256 verae
731 4190 845 4276 gloriae
868 4189 989 4254 nullum
1010 4188 1154 4256 habeant.
1179 4205 1302 4252 rossus.
