2854 4936
309 257 366 322 Ao
396 253 677 322 crnrncmanr
704 258 780 322 no.
813 261 827 320 1
1013 227 1096 344 377

49 417 145 477 ninom
161 411 267 474 sceiere
287 408 472 492 sinagius,
494 423 557 470 non
578 421 676 472 essent
695 407 883 494 pestilentia,
905 408 1040 486 bellum,
1055 411 1101 472 fu·

48 521 115 574 mes,
140 496 286 558 eluviones
306 493 425 576 aliaque
446 493 526 554 male
557 496 742 556 atrocissima
762 505 793 554 et
816 492 966 576 plurima,
991 495 1101 576 quibus

46 583 114 642 Deus
130 601 180 641 nos
199 579 283 661 punit
306 577 356 638 vei
377 577 518 638 admonet
537 578 658 658 potius,
682 589 719 638 ut
732 577 963 658 resipiscamus,
985 582 1013 639 ei
1029 600 1101 661 poe·

46 683 90 731 nas
115 675 241 724 aeternas
272 658 399 724 velimus
427 659 566 742 effugere.
607 661 691 742 Ergo
716 663 749 720 in
777 661 877 722 Deum
899 661 979 722 mola
998 673 1102 723 nostra
1220 691 1225 710 r

46 745 164 808 ob'hanc
184 765 325 824 catrsam,
349 746 437 826 quasi
466 742 608 806 videlicet
625 747 658 804 in
680 743 951 806 animadversorem
980 747 1102 824 punito·

44 851 158 912 remque,
173 829 293 906 referri,
316 829 400 910 pium
425 837 490 906 est,
511 837 541 888 et
561 827 594 886 id
613 832 716 888 saneta
738 827 887 908 scriptura
914 829 1025 910 passim
1046 828 1103 888 do·

45 924 89 973 cet.
127 913 252 989 Omnia,
273 911 466 1009 quaesivisti
483 911 586 1009 poliri,
609 911 762 987 Domine,
774 913 815 1009 ⁸in
832 933 905 973 uero
926 911 1101 1008 indisrpfi·

43 1009 205 1142 iiiiii?
245 995 1100 1164 ..ii‘tis‘ii.i‘qti“i.“i.i”p.itz²fidite

42 1181 154 1225 rorrrr.

109 1245 181 1329 Peg.
205 1245 252 1326 14,
276 1247 324 1311 15.
345 1237 468 1326 ἔγγονον
486 1257 568 1308 recte
590 1245 634 1308 Μ.

109 1328 183 1414 Peg.
196 1330 244 1410 ri,
257 1352 305 1394 ao.
328 1331 587 1392 Constantino
604 1349 655 1390 ex
673 1325 851 1390 Cathena
865 1330 1019 1415 pellice
1039 1349 1102 1390 na-

40 1425 113 1474 tum.
123 1413 288 1476 Muzalonis
297 1413 518 1496 protovestiarii
533 1413 625 1474 filium
639 1433 762 1472 uxorem
774 1411 894 1490 habuit,
907 1435 942 1474 ex
957 1433 1019 1495 qua
1033 1411 1103 1474 nul-

41 1491 78 1556 los
93 1501 188 1580 genuit
207 1497 327 1560 liberos.
349 1497 397 1560 Ea
409 1507 477 1580 post
488 1497 642 1573 defuncte,
658 1517 693 1556 ex
705 1493 813 1558 ancilia
823 1498 973 1572 formosa,
989 1495 1104 1556 Cutha·
1140 1535 1150 1556 .

38 1597 66 1638 ra
82 1583 213 1658 nomine,
236 1602 365 1664 puerum
386 1583 530 1664 suscepit,
555 1601 647 1663 quern
664 1579 844 1642 Michaelem
865 1581 1033 1642 Catharum
1054 1580 1103 1640 di-

38 1661 91 1722 rit:
112 1674 139 1724 et
152 1665 347 1748 postmodum
367 1665 454 1724 novis
474 1667 631 1726 cuiusdam
649 1662 804 1726 Eudociae
827 1663 982 1728 amoribus
997 1665 1101 1746 (quam

38 1755 62 1804 et
80 1747 140 1808 viro
159 1751 224 1810 eins
245 1759 368 1810 mortuo
388 1767 513 1809 uxorem
534 1747 631 1824 duxit)
651 1757 786 1808 veterem
807 1759 837 1809 et
860 1748 1049 1828 concubinae
1072 1757 1103 1808 et

36 1825 81 1888 filii
96 1851 129 1891 er
146 1853 181 1892 ea
195 1831 254 1894 sibi
276 1833 427 1914 procreati
447 1851 581 1892 amorem
602 1851 637 1892 ex
658 1831 759 1891 animo
779 1833 884 1910 eiecit,
906 1842 941 1892 nt
964 1830 1102 1916 pluribus

37 1907 117 1979 tib.8.
140 1917 205 1998 ipso
226 1917 322 1976 serrae
341 1915 429 1976 initio
448 1935 468 1976 a
487 1917 622 1996 Gregora
642 1913 792 1995 proditur.
815 1937 950 1978 ronnas.

104 1997 179 2080 Pog.
204 1997 253 2079 'is
268 1999 318 2064 25.
341 1987 405 2058 οὔτ’
423 1995 587 2077 ἐγκυκλώυ
621 2001 734 2078 πεῖραν
764 1993 839 2076 ἔσχε
863 1997 1021 2072 natissae.
1054 1997 1102 2060 De

37 2077 97 2139 orbe
114 2079 165 2142 illo
186 2083 396 2146 doctrinarum
416 2079 628 2164 loquitur,qui
649 2091 763 2162 septem
785 2082 902 2144 artibus
925 2079 1102 2144 liberalibus

35 2161 171 2229 definitur.
215 2167 306 2246 Quae
334 2163 448 2246 alioqui
481 2166 571 2228 etiam
601 2167 706 2226 iuncto
727 2165 821 2228 verbo
842 2160 1102 2246 ἔγκυκλοπαιδεὼ

35 2251 121 2308 vocari
139 2249 225 2312 solet.
271 2249 388 2312 Verum
408 2269 426 2309 a
449 2269 498 2311 me
518 2269 629 2312 nomen
654 2249 755 2332 ipsum
774 2250 852 2312 orbis
873 2251 999 2335 exprimi
1019 2249 1104 2311 haud

33 2331 232 2414 acromion,
253 2333 377 2420 mando
397 2353 446 2394 res
468 2331 552 2396 clara
571 2344 626 2396 est.
663 2353 794 2402 rorrrr.

102 2413 244 2500 Pag.15,
263 2441 294 2508 7.
318 2416 582 2480 Domestieum
601 2439 712 2479 suunt*
728 2431 763 2480 et
778 2417 1105 2482 contubernalem.

34 2489 164 2582 Gregores
183 2501 260 2566 elias
284 2521 389 2564 causas
411 2500 488 2564 duas
508 2499 616 2581 affert,
645 2522 724 2583 qnae
743 2513 845 2564 tamen
866 2501 938 2562 hnic
960 2525 979 2564 a
997 2513 1104 2564 nostro

33 2579 129 2648 aliatus
155 2587 236 2649 nihii
269 2595 449 2669 repugnant.
490 2585 590 2662 Eum,
618 2586 738 2666 inquit,
765 2606 878 2650 munem
895 2587 1001 2648 aarum
1026 2585 1105 2652 XV.

31 2681 147 2745 egenum
158 2671 344 2744 accersiam,
363 2669 551 2730 inter-aulica
571 2669 734 2730 ministeria
751 2671 897 2750 mmmic,
913 2673 1058 2753 primunt,
1069 2689 1106 2731 ne

29 2751 60 2807 ab
77 2753 209 2816 omnibus
229 2753 481 2836 neglectus,firme
494 2753 631 2835 periret,
653 2753 1106 2835 deindefhrtarse,utsanguine

27 3017 80 3062 um
92 3005 263 3070 adesum
305 3003 410 3087 Pergit
429 3000 539 3066 deinde
559 3005 663 3088 paucis
683 3003 838 3082 indicare,
858 3021 920 3086 quo
938 3001 1005 3064 loco
1025 3003 1107 3084 apud

27 3101 116 3148 senem
146 3087 267 3168 merit,
296 3089 329 3150 in
350 3108 412 3170 qno
429 3099 534 3150 noster
552 3099 598 3152 est
617 3089 778 3172 copiosior.
822 3086 897 3168 Cum
923 3101 1047 3165 autem,'
1060 3091 1110 3149 in-

25 3170 98 3248 quit,
116 3169 150 3232 in
166 3173 290 3256 polan'o
310 3186 496 3248 venareum,
512 3173 596 3234 hreoi
618 3185 752 3250 tempore
766 3174 952 3256 imper-atoni
975 3173 1110 3234 eninm
1201 3237 1203 3244 ,

25 3249 61 3312 ita
78 3255 132 3316 seiri
156 3258 348 3334 eonciltiruit,
374 3268 450 3316 utet
468 3257 530 3342 ipsi
552 3257 743 3342 imperotores
762 3255 836 3342 filii
859 3255 889 3314 ei
921 3256 1108 3334 inviderent,

24 3335 205 3402 Aemoniam
238 3359 312 3401 uero
360 3341 459 3402 unser
498 3342 664 3424 imperator
700 3341 883 3401 irasceretur
938 3340 1112 3425 molesteque

17 3419 127 3501 ferrer,
149 3426 299 3524 ripsigrrem
328 3424 414 3486 illum
436 3426 485 3486 sui
515 3423 764 3524 anwrerpppud
786 3443 876 3484 ovum
898 3421 1109 3509 longumrete,

23 3507 537 3674 gestiitzssqiiffss
551 3509 1112 3654 :ffliiiimmissff‘ii‘ffl

21 3667 141 3736 donicae
161 3675 340 3758 provinciae
353 3675 552 3756 praefecerit,
571 3685 603 3734 et
622 3677 687 3738 eius
712 3675 883 3740 encomium
902 3679 985 3740 terit.
1027 3677 1110 3758 Lege

21 3747 109 3820 ΓΜ.
134 3758 231 3840 paulo
253 3769 321 3842 post
341 3759 537 3840 principium.
560 3777 691 3825 rorrrn.

97 3841 178 3924 rag.
193 3841 287 3920 16‚5.
314 3841 761 3926 propteraltitudirrem
805 3843 937 3905 uidem
953 3840 1111 3925 gradus.

20 3917 131 3986 Plinius
152 3927 376 4007 Vespasianum
390 3924 548 4004 alloquens
560 3921 746 4068 praefatione
794 3927 913 3988 istoriae
928 3945 1001 3986 suae
1011 3925 1110 3984 Natu·

21 4003 109 4085 ralis,
132 4009 350 4093 imperatorem
372 4009 415 4068 ait
435 4010 466 4068 in
489 4029 558 4068 exce
569 4009 687 4068 sissimo
707 4009 834 4072 hnmani
857 4012 974 4091 generis
991 4007 1110 4089 fastigio

19 4093 156 4166 positum.
201 4091 328 4154 Nobiles
358 4111 393 4152 ac
424 4091 600 4174 praesertim
621 4093 796 4176 principes,
821 4113 924 4175 reges,
947 4094 1110 4174 imperato-

22 4189 65 4232 res
90 4195 153 4238 non
187 4187 237 4238 est
272 4173 435 4243 verisimile
455 4177 576 4238 mentiri
597 4173 694 4252 velle,
724 4178 796 4260 quia
816 4177 849 4240 id
869 4197 986 4239 summa
1006 4195 1112 4238 eontra
