2854 4936
268 315 325 391 ao
355 261 637 380 mmlcuzism
666 315 741 380 ua.
770 318 796 378 1.
997 287 1086 402 369

32 475 118 551 sensu,
136 471 222 557 idque
241 494 317 556 opus
336 474 369 535 in
392 471 510 534 Veneta
534 469 718 532 bibliotheca
742 481 858 534 exstars
879 469 1001 536 dieitur.
1042 473 1089 536 Ut

32 557 65 616 ita
83 560 229 639 praeterita
249 558 440 637 eius'seripta
463 575 534 616 cum
551 553 671 626 futuris,
693 555 811 616 minora
826 575 895 618 cnm
911 557 1093 639 maioribus,¹

31 641 183 700 sismctum
200 650 327 722 spectes,
344 647 574 720 componantur.
593 657 726 698 nosrta.

103 723 221 805 Pag.9,
239 745 265 784 ι.
293 723 503 808 possintne
528 722 709 781 nomines
737 721 904 784 illorum
930 725 1089 786 amussi.

31 803 97 864 llaec
115 805 267 866 adversum
286 807 413 882 Stoicos,
438 813 473 864 ut
487 803 561 864 mihi
579 803 712 881 videtur,
733 806 786 886 qui
805 808 970 888 sapientem
993 807 1088 868 inl'or·

30 899 110 964 urant,
132 888 227 969 qualis
246 907 402 971 nunquam
422 887 543 958 exstitit,
565 885 646 968 quod
661 884 784 968 mddem
804 888 836 948 in
856 889 986 951 Senecae
1003 888 1110 952 libris‘

29 967 170 1032 clarissime
188 971 256 1032 licet
276 975 460 1055 perspicere,
482 971 679 1030 cuiustamen
699 971 763 1030 vita
775 969 895 1032 mollior
909 971 988 1032 fuiss
1012 973 1089 1034 adeo

29 1051 127 1114 facilius
148 1063 190 1116 cst
212 1077 320 1138 magua
341 1065 370 1115 et
390 1051 538 1114 mirabilia
555 1053 679 1124 dicere,
700 1073 793 1134 quam
811 1053 920 1116 facere.
963 1054 1094 1116 Plutar-

29 1135 99 1211 chus,
117 1158 285 1219 quanquam
302 1149 333 1200 et
353 1140 418 1218 ipse
439 1136 569 1213 Stoicus,
591 1135 674 1196 haud
695 1156 789 1218 aeque
804 1137 918 1219 rigidus
938 1147 991 1201 est.
1012 1137 1091 1199 Put-

30 1217 97 1295 chrc,
113 1231 146 1280 ut
163 1224 277 1301 omnia,
302 1221 347 1282 M.
370 1217 490 1281 Tullius
513 1222 544 1280 in
563 1218 684 1279 Laelios
716 1232 825 1300 negent
842 1241 1019 1306 quemqnam
1039 1221 1089 1282 oi·

28 1321 79 1362 nrm
91 1303 195 1382 *borum
219 1325 293 1378 erse,
319 1305 379 1366 nisi
395 1305 566 1386 sapientem.
607 1301 654 1362 Sir
674 1303 718 1363 ita
736 1322 817 1365 sane.
858 1303 921 1363 Sed
948 1323 1016 1364 cam
1036 1323 1089 1364 so·

28 1385 149 1447 nientmm
170 1387 411 1472 interpretantem,
429 1406 520 1472 quarn
537 1385 639 1448 αᾰΙιιω
657 1387 794 1446 nmrtalr's
815 1405 902 1446 nemo
926 1399 970 1447 est
988 1407 1091 1447 conse·

27 1479 99 1528 ortu.
136 1468 197 1530 Nos
217 1485 319 1532 autem
334 1491 384 1549 ea,
404 1491 481 1554 qrrae
497 1481 567 1530 stant
585 1471 617 1528 in
638 1485 691 1528 rou
711 1471 833 1550 vitaque
852 1471 1011 1542 cornmwrr',
1029 1489 1093 1532 nort

26 1711 80 1810 ὂψ,
99 1717 151 1778 sed
166 1741 230 1780 ciens
249 1721 299 1796 it's,
328 1719 361 1780 t'n
402 1657 485 1780 udins
496 1719 653 1802 praeclare
674 1656 790 1798 agr'trrrly
802 1654 1091 1778 matriniam

26 1804 133 1860 rrtutr'r.
171 1802 256 1864 llaec
277 1801 340 1864 ille.
428 1801 515 1862 uduri
534 1801 646 1862 debent
666 1799 879 1882 Peripatetici,
900 1801 954 1882 qui
974 1801 1092 1861 medio-

25 1881 139 1944 critatem
158 1885 313 1967 quandam
331 1886 453 1967 erigunt
472 1894 503 1945 et
522 1884 666 1946 virtutem
687 1893 805 1964 ponunt
823 1885 856 1942 in
875 1882 989 1958 medio,
1006 1881 1091 1964 quod

26 1963 75 2026 vult
99 1967 236 2030 Horatius
259 1966 313 2030 illo
333 1965 511 2028 versiculos
553 1969 647 2028 uirtus
669 1979 713 2026 est
734 1966 867 2027 aredium
884 1966 1032 2027 uitiorum
1061 1977 1092 2028 et

26 2049 73 2107 utri
107 2053 318 2129 rrercdnctum,
345 2051 444 2133 Epist.
469 2047 514 2114 18.
537 2047 589 2113 lib.
604 2068 631 2109 r.
653 2068 784 2116 maran.
1156 2101 1161 2112 .

72 2071 162 2215 Ἓξ.
175 2155 208 2218 9,
225 2133 259 2197 8.
278 2136 313 2196 εἰ
334 2131 565 2218 praesentia
586 2151 689 2214 spem
700 2130 958 2210 fefellerint.
988 2131 1094 2208 Quor-

24 2231 77 2274 sum
97 2215 166 2278 istuc
177 2227 305 2300 spectet,
323 2237 358 2278 ex
371 2217 526 2298 prooemio
539 2213 609 2276 libri
621 2214 701 2274 tertii
715 2213 849 2278 clarebit.
870 2213 948 2274 Sunt
958 2213 1093 2295 prosectu
1170 2256 1173 2266 ‹

26 2295 226 2445 inplonuptliora
272 2301 433 2444 affigatis
454 2298 586 2396 iudicine
608 2298 776 2442 mentia
800 2296 879 2440 livplr
893 2297 1094 2438 carpitg'ull’ilo-

25 2397 101 2442 raus
172 2405 227 2446 eo
330 2405 410 2444 ..r
452 2394 591 2442 vtrtmem
697 2401 795 2441 urnern
825 2401 940 2440 ormns
1055 2399 1093 2439 a·

26 2475 77 2523 tarn
93 2489 132 2528 ar
147 2469 241 2530 ocrrlis
261 2467 430 2566 quaerimus
448 2465 556 2528 innuli.
579 2463 640 2525 Cic.
663 2485 720 2545 pro
740 2465 783 2524 Μ.
804 2423 1002 2524 ΜενοοΠοάἀ
1015 2462 1093 2522 Cae·

26 2563 123 2610 arem:
155 2553 239 2612 serui
259 2552 353 2632 egitur
374 2551 412 2610 iis
428 2549 519 2610 eriam
541 2546 705 2626 iudicibus,
738 2547 793 2630 qui
823 2547 921 2606 multis
937 2559 1007 2628 port
1026 2566 1092 2604 rw

25 2629 81 2690 witi
102 2633 138 2694 dc
162 2649 190 2696 te
215 2633 407 2708 iudicabunt,
436 2644 467 2692 et
495 2631 614 2716 quedem
641 2627 725 2689 barad
749 2629 809 2688 scio
833 2651 875 2688 on
897 2629 1092 2710 incomptius

25 2733 97 2790 erton
116 2738 177 2778 nos.
222 2717 353 2779 Numer
385 2717 449 2774 rr'rre
473 2735 574 2774 amora
614 2723 643 2771 et
664 2713 727 2771 sine
750 2711 963 2793 cupiditatem
993 2727 1092 2770 musra

26 2795 74 2857 sne
94 2801 160 2862 odio
177 2815 207 2862 et
226 2802 290 2862 sine
311 2799 433 2860 invirlia
453 2795 638 2857 irrdr'cobunt.
681 2813 810 2860 rostram

90 2881 165 2964 Peg.
180 2905 211 2967 9,
228 2881 274 2962 14.
296 2881 504 2966 superiore
523 2891 561 2938 et
574 2877 643 2937 leuc
660 2889 795 2936 nostra
809 2887 949 2940 oetete.
974 2875 1094 2954 Quam·

24 2961 59 3022 vis
78 2963 107 3024 in
126 2967 242 3030 Graeco
263 2974 383 3026 tantum
402 2963 440 3026 sit
460 2959 513 3044 ἐφ’
534 2957 634 3041 ἡμῶν,
653 2972 754 3019 matre
770 2971 876 3032 nemu,
899 2969 1001 3018 tumen
1016 2963 1090 3039 quia

24 3041 92 3108 liilus
114 3049 290 3132 bipartitam
333 3045 549 3130 ropositionem
581 3041 726 3119 faciebat,
754 3035 795 3102 roi
816 3059 852 3101 rs
872 3037 927 3102 ἐπὶ
945 3037 1011 3100 scir
1031 3041 1093 3116 βα·

24 3125 130 3210 σιλέων,
154 3131 195 3196 τά
218 3132 244 3195 τ’
267 3129 309 3214 e'p
339 3123 429 3212 ἡμῶν
446 3119 605 3210 γεγονότα,
625 3134 700 3205 puto
719 3122 981 3206 alterumquoque
1000 3131 1094 3203 caput

21 3229 94 3289 posse
113 3219 230 3299 repetit
265 3225 296 3275 et
327 3233 359 3274 se
379 3218 479 3295 ipsum
504 3209 595 3272 etiam
621 3206 744 3290 nomine
767 3207 984 3288 imperatorum
1008 3225 1093 3265 corn-

22 3293 184 3376 prehendit,
221 3297 297 3359 dum
324 3295 466 3377 subiicit,
497 3295 700 3356 Romanorum
727 3290 949 3374 imperatoribus
975 3287 1093 3366 neode-

21 3391 86 3440 mllio
115 3403 132 3443 P
155 3403 173 3444 Ι
240 3431 249 3450 .

98 3405 238 3550 1)αέΪὲἰῖ
257 3483 303 3548 ¹9·
339 3460 498 3540 hisces
535 3455 594 3525 ad
615 3459 779 3546 penitus
808 3457 1094 3520 inconcussam.

21 3539 77 3606 lloc
88 3545 125 3609 de
134 3551 344 3612 Cantacuzeno
355 3551 421 3632 ipso
430 3547 546 3608 dictum
556 3547 670 3627 accipe,
683 3545 779 3628 quiin
792 3541 852 3604 lide
863 3542 973 3604 mansit
984 3539 1094 3602 adver·

21 3645 114 3710 sesque
134 3655 184 3696 res
204 3653 310 3694 omnes
330 3653 401 3693 cum
412 3628 589 3692 Andronico
609 3649 665 3690 suo
679 3628 820 3689 toleravit
840 3625 1093 3688 constantissime.

21 3707 118 3796 Euripi
137 3727 241 3778 autem
261 3715 372 3778 similes
392 3734 427 3776 ac
457 3711 631 3794 transfugae
662 3711 894 3793 proditoresque
926 3703 1094 3767 Andronici

19 3789 191 3878 Syrgiannes
218 3810 249 3860 et
275 3807 494 3880 protostrator,
525 3795 728 3856 Cantacuaeni
756 3791 948 3874 imperatrix,
969 3789 1096 3848 loannes
1129 3809 1135 3821 =

21 3881 180 3956 patriarcha
201 3893 232 3944 et
250 3881 302 3944 alii
323 3879 456 3942 luerunt.
487 3897 620 3944 rossus.
696 3919 701 3928 »

91 3965 166 4046 Peg.
204 3985 277 4040 ,am
294 3965 449 4048 Euripi
473 3960 617 4024 instar.
648 3958 783 4040 Euripus
800 3956 910 4018 fletum
936 3957 1097 4031 angustum

20 4039 88 4104 inter
100 3987 254 4127 Aulidem,
277 4048 419 4110 Boeotiae
441 4055 576 4128 portum,
597 4053 628 4104 et
649 4041 808 4104 Euboeam
826 4035 968 4110 insulam,
989 4033 1038 4092 die
1060 4051 1097 4091 ac

19 4137 97 4190 nocte
123 4129 212 4210 lluit,
241 4131 343 4195 relluit
366 4129 486 4214 septies.
526 4127 655 4208 Propter
684 4145 777 4206 quam
809 4118 1045 4183 vicissitudinem
1063 4124 1098 4212 et
1157 4131 1161 4138 ·

21 4206 242 4276 inconstantiam
281 4213 374 4278 homo
401 4209 555 4276 mutabilis
583 4221 614 4272 et
640 4211 814 4272 inconstans
835 4203 968 4284 Euripus
1002 4197 1096 4266 audit.

54 4333 260 4396 Contocusenus
279 4337 331 4400 111.
858 4327 892 4396 ’l
