2874 4944
96 293 106 332 ⁸
291 315 353 406 nn,
379 312 659 380 cinracuzuu
691 319 767 382 nin.
799 318 824 379 1.
926 303 930 318 ·
1006 287 1089 392 ill

46 469 232 553 ldenologinm
252 471 402 532 Graecum
419 489 437 530 a
452 468 561 530 Sirleto
580 468 732 532 cardinale
751 471 783 532 in
801 469 941 532 Latinam
960 467 1096 554 lingnam

45 552 204 614 uanslatum
222 562 253 614 et
275 574 337 616 nou
359 555 399 614 ite
419 553 534 634 pridem
554 552 728 636 ingolstadii
751 553 886 632 editum,
920 564 951 616 et
972 555 1096 618 lllanuel

42 639 188 718 imperator
208 639 360 698 constitut.
381 635 533 698 deFeriis.
557 637 592 696 ln
613 637 759 700 honorem
783 637 848 699 eius
871 637 1027 698 mnditum
1050 649 1096 700 est

43 718 283 802 Constantinopoli
313 717 538 802 aPulaeologis
565 720 681 804 insigne
709 722 942 796 monasterium,
974 723 1007 782 in
1034 741 1096 803 quo

42 801 84 864 die
105 801 193 864 natali
212 805 351 886 martyris
380 804 573 886 imperatores
601 803 923 886 constantinopolitani
943 806 987 866 rei
1014 803 1095 866 divi-

39 904 88 946 nae
106 889 197 948 veteri
226 895 258 947 et
277 883 392 948 solenni
421 890 482 948 ritu
502 907 625 969 operam
645 887 779 966 dabant,
815 897 851 948 ut
869 886 974 950 scribit
993 887 1095 948 Curc-

38 965 125 1046 patra
155 969 193 1030 de
220 967 324 1032 officiis
351 968 438 1032 aulae
463 969 822 1053 Constantinopolitanae.
863 970 910 1033 Ex
935 969 1095 1032 duodecim

37 1047 163 1150 lanulis,
182 1073 261 1136 quae
279 1055 451 1136 imperatori
470 1053 735 1136 praeferebantur,
768 1071 863 1116 unum
883 1051 980 1138 effigie
999 1056 1095 1116 sancti

37 1131 166 1196 Demetrii
188 1137 364 1218 insignitum
383 1147 447 1200 erat
468 1153 617 1200 unacum
636 1141 678 1202 im
717 1137 821 1200 'nibus
836 1139 932 1198 sancti
952 1137 1096 1219 Procopii

35 1225 61 1274 et
81 1223 135 1278 utri
213 1241 231 1280 e
250 1219 404 1284 Theodori
424 1232 603 1305 martyrum,
625 1233 661 1282 ut
680 1223 689 1282 i
713 1243 761 1283 em
784 1221 967 1302 Curopalata
989 1231 1095 1298 auctor

35 1307 81 1358 est.
99 1301 147 1383 Ap
224 1313 275 1366 tur
293 1297 501 1385 praesiliant,
522 1307 594 1387 quia
615 1325 650 1367 ex
670 1326 756 1366 sacro
775 1305 840 1366 eius
860 1325 984 1388 corpore
1003 1307 1095 1366 variis

32 1375 212 1463 languoribus
239 1387 412 1470 morbisque
437 1386 576 1451 salutaris
603 1388 703 1470 liquor
730 1385 896 1468 manabat,
926 1388 1096 1450 cuiusmodi

29 1463 214 1544 μυροβλύται
235 1469 297 1532 divi
319 1481 390 1532 sunt
409 1482 528 1532 sanctus
552 1471 691 1534 Andreas
714 1470 877 1554 apostolus,
901 1481 937 1531 ut
956 1471 1011 1532 toti
1026 1471 1096 1538 orbi

31 1557 136 1623 notum,
153 1551 382 1636 exemplumque
401 1565 494 1616 exstat
507 1556 587 1637 apud
598 1556 783 1639 Gregorium,
793 1555 1002 1616 Turonensem
1015 1552 1095 1616 libro

29 1626 61 1688 de
79 1631 169 1712 gloria
189 1637 364 1720 Martyrum
377 1639 505 1720 cnp.51.
525 1639 653 1700 Sanctus
674 1638 818 1700 Nicolaus
828 1639 988 1721 Dymaeis,
1003 1659 1095 1720 quem

29 1711 139 1778 llanuel
159 1719 325 1800 imperator
340 1723 371 1782 in
383 1743 438 1784 sua
448 1725 661 1786 constitutione
674 1732 763 1784 vocat
775 1715 987 1802 μυροβλύτην.
1009 1721 1096 1799 Qua·

27 1801 88 1856 tuor
97 1798 138 1861 illi
149 1800 261 1866 milites
273 1803 467 1868 duodecimae
484 1804 620 1888 legionis,
639 1805 679 1867 de
693 1803 805 1890 quibus
817 1805 982 1886 Procopius
992 1802 1046 1868 lib.
1063 1825 1091 1866 1.

27 1875 59 1938 de
68 1881 205 1948 aedificiis
217 1887 386 1952 Iustiniani,
407 1889 515 1950 Sancta
526 1889 700 1966 Catharins,
712 1900 813 1951 sancta
828 1886 901 1948 Wal
925 1889 1018 1968 ungis,
1027 1907 1094 1948 san·

26 1963 272 2032 ttusBercharius
283 1970 386 2045 abbas,
403 1971 442 2033 de
462 1991 522 2055 quo
542 1972 647 2032 Surius
663 1983 747 2033 tomo
760 1969 789 2034 5.
810 1970 860 2031 dic
878 1909 926 2032 iil.
937 1969 1092 2046 Octobris,

25 2063 54 2104 ex
70 2047 196 2129 Speculo
217 2054 382 2118 Vincentii.
403 2054 539 2116 Plurima
560 2055 728 2118 edebantur
744 2054 783 2116 ad
805 2052 977 2136 sepulcrum
999 2056 1094 2115 sancti

24 2123 157 2194 Demetrii
167 2135 326 2198 miracula.
341 2138 547 2216 Quamobrem
559 2139 589 2200 in
599 2141 724 2200 hienaeo
732 2135 980 2218 θαυματουργοῦ
987 2157 1095 2219 cogno-

22 2225 114 2276 mento
130 2215 321 2285 honestatur.
340 2221 382 2284 Et
401 2233 482 2284 certe
500 2223 690 2298 miraculum,
707 2223 788 2306 quod
799 2221 858 2282 hoc
868 2219 936 2282 loco
944 2220 1095 2288 Cautacu·

25 2313 104 2359 wntu
124 2313 356 2378 commemorat,
378 2303 467 2388 longe
496 2305 727 2369 illustrissimum
748 2317 794 2368 est
820 2304 1097 2386 dignissimumque,

20 2379 92 2458 quod
118 2405 226 2448 omnes
256 2389 318 2448 inm
345 2400 445 2450 mente
463 2403 620 2472 reponant.
661 2391 725 2452 Nec
744 2389 926 2464 mirandum,
947 2399 1010 2447 tam
1034 2389 1098 2448 exi-

20 2463 103 2526 mium
124 2467 309 2532 beneficium
331 2472 535 2535 inhominem
551 2467 729 2547 aRomsha,
752 2473 810 2534 hoc
831 2481 878 2532 cst
899 2491 982 2547 vera,
1008 2470 1097 2532 eccle·

18 2545 54 2604 sia
72 2547 207 2614 alienum
229 2553 374 2616 collatum
394 2577 467 2628 esse,
491 2578 560 2618 curn
585 2556 779 2618 historiarum
796 2555 1003 2616 monumentis
1024 2573 1096 2634 pro·
1186 2611 1191 2623 ,
1232 2585 1237 2593 ·

17 2625 104 2692 ditum
124 2637 177 2711 sit,
192 2638 337 2720 ingentia
358 2639 504 2701 miracula
524 2639 686 2722 aliquando
706 2641 737 2700 in
747 2638 895 2700 Ethnicos
914 2644 946 2696 et
966 2657 984 2698 a
1008 2635 1097 2696 Chri·

16 2713 101 2776 stiana
122 2719 275 2802 religione
291 2741 413 2800 prorsus
432 2721 546 2784 alienos
566 2743 584 2784 a
605 2724 678 2784 viris
692 2723 812 2795 sanctis,
833 2718 882 2782 rel
904 2719 1007 2780 iamin
1028 2739 1097 2781 coe·

15 2789 70 2856 lum
90 2805 239 2883 receptis,
265 2802 313 2864 vel
342 2803 442 2864 adhuc
462 2807 556 2866 vitam
584 2805 741 2866 nobiscum
763 2801 954 2886 agitantibus,
978 2813 1096 2885 patrata

14 2895 78 2944 esse.
121 2885 291 2947 imitantur
313 2889 458 2948 nimirum
476 2887 691 2970 benignitatem
716 2889 835 2964 Patris,
869 2889 922 2968 qui
952 2886 984 2946 in
1006 2884 1098 2948 coelis

11 2971 60 3038 est,
101 2972 158 3051 qui
189 2969 287 3030 solem
310 2991 394 3030 sturm
428 2973 506 3030 oriri
525 2973 614 3052 sarit
643 2993 731 3056 super
758 2971 847 3032 bonos
871 2983 900 3030 ct
924 2971 1038 3040 mulos,
1067 2983 1097 3030 et

11 3045 84 3122 pluit
101 3073 195 3134 super
209 3053 301 3112 tentos
327 3067 357 3114 et
380 3054 522 3127 iunctos,
549 3054 659 3116 Matth.
683 3054 712 3121 5.
754 3055 852 3136 Super
871 3051 939 3114 illos
959 3051 1095 3133 quidem,

13 3137 43 3188 ut
62 3132 92 3193 in
114 3132 261 3196 bonitate
281 3145 312 3196 et
331 3137 444 3198 iustitia
465 3140 704 3220 perseverentia
729 3139 852 3220 diesque
875 3135 1003 3196 maiores
1023 3156 1096 3216 prc-

10 3227 119 3288 gressus
141 3218 286 3296 faciant,
312 3239 401 3301 super
421 3219 478 3282 bos
495 3233 618 3300 autem,
654 3231 689 3282 ut
709 3243 727 3284 a
749 3221 864 3282 malitia
885 3231 916 3279 et
938 3219 1095 3297 iniustitia,

10 3303 69 3357 tta
92 3304 202 3382 pravis
225 3301 490 3383 persuasionibus,
516 3305 627 3388 quilius
647 3306 727 3368 circa
747 3305 933 3366 Christianae
951 3302 1021 3364 fidei
1041 3303 1095 3364 do·

10 3392 101 3454 gnata
124 3385 245 3446 imbuti
264 3395 347 3463 suut,
368 3399 559 3450 revocentur.
602 3389 704 3472 Neque
727 3391 808 3450 enim
834 3384 1015 3448 miraculum
1037 3386 1097 3454 hoc

10 3477 56 3536 per
67 3479 244 3552 martyrem
262 3469 451 3548 Demetrium
472 3472 587 3534 editum
609 3484 664 3546 est,
686 3483 722 3534 ut
741 3482 794 3534 aut
814 3470 1019 3542 Andronicus,
1043 3481 1096 3531 aut

10 3541 51 3634 ilii
71 3551 104 3610 in
130 3573 190 3613 sua
213 3573 235 3613 a
254 3571 326 3613 vera
347 3551 470 3616 eeclesia
495 3557 659 3618 secessione
680 3557 951 3629 confirmarentur,
983 3553 1035 3616 sed
1060 3563 1096 3614 ut

10 3635 181 3712 ¹avocatio,
216 3632 304 3696 cultu
328 3647 501 3700 sanctorum
528 3651 558 3700 et
585 3638 781 3722 reliquiarum
811 3638 989 3702 mortalibus
1009 3657 1095 3698 corn·

10 3715 213 3789 uendaretur,
240 3727 332 3800 utque
352 3741 371 3781 a
393 3741 468 3781 vero
489 3723 611 3784 tramite
635 3723 830 3799 aberrantes,
858 3721 919 3783 hnc
940 3719 1024 3780 velut
1045 3717 1094 3778 lu·

10 3797 77 3860 uine
97 3801 258 3864 divinitus
278 3803 369 3864 misso
389 3801 541 3881 illustrati,
563 3803 602 3866 ad
624 3804 778 3866 ecclesiam
798 3804 882 3865 illam
904 3813 1094 3863 reverteren-

10 3897 55 3958 ΗΡ,
77 3881 113 3945 iu
134 3906 202 3967 qua
224 3905 280 3966 pro
293 3884 405 3946 Christi
425 3889 547 3949 nominc
570 3888 742 3948 Demetrius
764 3887 940 3968 sanguinem
961 3883 1090 3944 suderat.

10 3963 77 4038 laid
98 3971 188 4028 enim
212 3967 298 4030 aliud
317 3979 387 4030 sunt
413 3980 466 4031 ant
489 3971 584 4030 sancti
606 3972 746 4052 martyris
766 3969 912 4030 Demetrii
936 3965 1091 4043 miracula,

13 4058 45 4106 ut
63 4049 144 4124 illa,
185 4071 269 4134 quae
296 4054 327 4113 in
355 4051 469 4136 templo
496 4053 584 4116 divus
611 4054 744 4135 Virginis
771 4049 1034 4132 Constantinopoli
1054 4051 1093 4112 ad

10 4129 105 4194 'nutes
124 4135 235 4210 dicto,
257 4147 310 4197 ant
329 4135 403 4197 alibi
422 4156 478 4218 per
499 4149 685 4209 renascens,
708 4147 743 4196 ut
762 4157 817 4218 per
837 4132 1003 4214 reliquias,
1028 4134 1093 4197 ole-

10 4233 42 4276 m
62 4215 283 4306 bmedicm,
306 4239 416 4305 aquam
431 4217 607 4301 lustralem,
631 4219 819 4306 signaculum
839 4227 960 4284 sanctae
980 4219 1089 4299 crucis,
