<?xml version="1.0" encoding="UTF-8"?>
<!DOCTYPE html PUBLIC "-//W3C//DTD XHTML 1.0 Transitional//EN"
    "http://www.w3.org/TR/xhtml1/DTD/xhtml1-transitional.dtd">
<html xmlns="http://www.w3.org/1999/xhtml" xml:lang="en" lang="en">
 <head>
  <title>
</title>
<meta http-equiv="Content-Type" content="text/html;charset=utf-8" />
  <meta name='ocr-system' content='tesseract 3.04.00' />
  <meta name='ocr-capabilities' content='ocr_page ocr_carea ocr_par ocr_line ocrx_word'/>
</head>
<body>
  <div class='ocr_page' id='page_1' title='image "./ioanniscantacuz02niebgoog_0538.png"; bbox 0 0 2944 4934; ppageno 0'>
   <div class='ocr_carea' id='block_1_1' title="bbox 278 317 1121 416">
    <p class='ocr_par' dir='ltr' id='par_1_1' title="bbox 278 317 1121 416">
     <span class='ocr_line' id='line_1_1' title="bbox 278 317 1121 416; baseline -0.011 0"><span class='ocrx_word' id='word_1_1' title='bbox 278 352 334 416; x_wconf 78' lang='lat' dir='ltr'><strong>au</strong></span> <span class='ocrx_word' id='word_1_2' title='bbox 369 343 648 416; x_wconf 71' lang='lat' dir='ltr'><strong>mmscuzsnr</strong></span> <span class='ocrx_word' id='word_1_3' title='bbox 674 344 748 414; x_wconf 79' lang='lat' dir='ltr'><strong>ua:</strong></span> <span class='ocrx_word' id='word_1_4' title='bbox 769 352 823 416; x_wconf 83' lang='grc' dir='ltr'><strong>ιιι.</strong></span> <span class='ocrx_word' id='word_1_5' title='bbox 1035 317 1121 408; x_wconf 78' lang='lat'><strong>525</strong></span> 
     </span>
    </p>
   </div>
   <div class='ocr_carea' id='block_1_2' title="bbox 24 505 1134 3848">
    <p class='ocr_par' dir='ltr' id='par_1_2' title="bbox 46 505 1131 1004">
     <span class='ocr_line' id='line_1_2' title="bbox 48 505 1124 590; baseline 0.003 -20"><span class='ocrx_word' id='word_1_6' title='bbox 48 507 184 585; x_wconf 79' lang='lat' dir='ltr'><strong>limiam,</strong></span> <span class='ocrx_word' id='word_1_7' title='bbox 203 508 279 572; x_wconf 78' lang='lat' dir='ltr'><strong>iacis</strong></span> <span class='ocrx_word' id='word_1_8' title='bbox 299 527 405 572; x_wconf 74' lang='lat' dir='ltr'><strong>versus</strong></span> <span class='ocrx_word' id='word_1_9' title='bbox 424 505 551 571; x_wconf 85' lang='lat' dir='ltr'><strong>caudam</strong></span> <span class='ocrx_word' id='word_1_10' title='bbox 571 523 742 585; x_wconf 72' lang='lat' dir='ltr'><strong>oensem,</strong></span> <span class='ocrx_word' id='word_1_11' title='bbox 762 521 792 568; x_wconf 83' lang='lat' dir='ltr'><strong>et</strong></span> <span class='ocrx_word' id='word_1_12' title='bbox 820 508 1054 590; x_wconf 78' lang='lat' dir='ltr'><strong>ignominiosum</strong></span> <span class='ocrx_word' id='word_1_13' title='bbox 1083 509 1124 574; x_wconf 72' lang='grc' dir='ltr'><strong>ἂν</strong></span> 
     </span>
     <span class='ocr_line' id='line_1_3' title="bbox 50 591 1118 676; baseline 0.003 -24"><span class='ocrx_word' id='word_1_14' title='bbox 50 613 83 652; x_wconf 89' lang='lat' dir='ltr'><strong>eo</strong></span> <span class='ocrx_word' id='word_1_15' title='bbox 109 591 296 675; x_wconf 88' lang='lat' dir='ltr'><strong>triumphum</strong></span> <span class='ocrx_word' id='word_1_16' title='bbox 330 595 401 676; x_wconf 80' lang='lat' dir='ltr'><strong>egit.</strong></span> <span class='ocrx_word' id='word_1_17' title='bbox 443 595 576 653; x_wconf 79' lang='lat' dir='ltr'>Zonaras</span> <span class='ocrx_word' id='word_1_18' title='bbox 605 593 638 651; x_wconf 92' lang='lat' dir='ltr'><strong>in</strong></span> <span class='ocrx_word' id='word_1_19' title='bbox 667 593 862 675; x_wconf 82' lang='lat' dir='ltr'><strong>Copmnymo</strong></span> <span class='ocrx_word' id='word_1_20' title='bbox 896 602 926 654; x_wconf 91' lang='lat' dir='ltr'><strong>et</strong></span> <span class='ocrx_word' id='word_1_21' title='bbox 956 592 1118 656; x_wconf 80' lang='lat' dir='ltr'><strong>Cedrenus.</strong></span> 
     </span>
     <span class='ocr_line' id='line_1_4' title="bbox 49 674 1123 760; baseline 0.007 -26"><span class='ocrx_word' id='word_1_22' title='bbox 49 676 95 736; x_wconf 90' lang='lat' dir='ltr'><strong>De</strong></span> <span class='ocrx_word' id='word_1_23' title='bbox 122 677 257 738; x_wconf 83' lang='lat' dir='ltr'><strong>Beatrice</strong></span> <span class='ocrx_word' id='word_1_24' title='bbox 285 676 443 760; x_wconf 74' lang='lat' dir='ltr'><strong>Angursts,</strong></span> <span class='ocrx_word' id='word_1_25' title='bbox 474 674 621 737; x_wconf 86' lang='lat' dir='ltr'><strong>Friderici</strong></span> <span class='ocrx_word' id='word_1_26' title='bbox 652 675 852 736; x_wconf 89' lang='lat' dir='ltr'><strong>Barbarossae</strong></span> <span class='ocrx_word' id='word_1_27' title='bbox 884 695 977 738; x_wconf 85' lang='lat' dir='ltr'><strong>uxore</strong></span> <span class='ocrx_word' id='word_1_28' title='bbox 1017 678 1123 740; x_wconf 79' lang='lat' dir='ltr'>scribit</span> 
     </span>
     <span class='ocr_line' id='line_1_5' title="bbox 49 757 1123 844; baseline 0.006 -26"><span class='ocrx_word' id='word_1_29' title='bbox 49 757 123 818; x_wconf 85' lang='lat' dir='ltr'><strong>idem</strong></span> <span class='ocrx_word' id='word_1_30' title='bbox 154 758 322 822; x_wconf 86' lang='lat' dir='ltr'><strong>Guilelmus</strong></span> <span class='ocrx_word' id='word_1_31' title='bbox 356 759 525 820; x_wconf 86' lang='lat' dir='ltr'><strong>Paradinus</strong></span> <span class='ocrx_word' id='word_1_32' title='bbox 554 758 593 820; x_wconf 83' lang='lat' dir='ltr'><strong>(le</strong></span> <span class='ocrx_word' id='word_1_33' title='bbox 623 759 748 841; x_wconf 86' lang='lat' dir='ltr'><strong>antiquo</strong></span> <span class='ocrx_word' id='word_1_34' title='bbox 776 769 856 820; x_wconf 83' lang='lat' dir='ltr'><strong>statu</strong></span> <span class='ocrx_word' id='word_1_35' title='bbox 878 759 1068 844; x_wconf 83' lang='lat' dir='ltr'><strong>Burgundiae</strong></span> <span class='ocrx_word' id='word_1_36' title='bbox 1090 773 1123 824; x_wconf 88' lang='lat' dir='ltr'><strong>et</strong></span> 
     </span>
     <span class='ocr_line' id='line_1_6' title="bbox 48 841 1131 987; baseline 0.006 -88"><span class='ocrx_word' id='word_1_37' title='bbox 48 841 178 924; x_wconf 82' lang='lat' dir='ltr'><strong>Sigonius</strong></span> <span class='ocrx_word' id='word_1_38' title='bbox 198 841 235 903; x_wconf 86' lang='lat' dir='ltr'><strong>de</strong></span> <span class='ocrx_word' id='word_1_39' title='bbox 256 861 349 987; x_wconf 43' lang='lat' dir='ltr'><strong>raquo</strong></span> <span class='ocrx_word' id='word_1_40' title='bbox 371 841 475 904; x_wconf 88' lang='lat' dir='ltr'><strong>ltaliae</strong></span> <span class='ocrx_word' id='word_1_41' title='bbox 496 842 610 904; x_wconf 74' lang='lat' dir='ltr'><strong>lib-ra.</strong></span> <span class='ocrx_word' id='word_1_42' title='bbox 642 841 815 905; x_wconf 82' lang='lat' dir='ltr'><strong>liffeeteest</strong></span> <span class='ocrx_word' id='word_1_43' title='bbox 834 854 935 906; x_wconf 83' lang='lat' dir='ltr'><strong>autem</strong></span> <span class='ocrx_word' id='word_1_44' title='bbox 957 843 1016 906; x_wconf 87' lang='lat' dir='ltr'><strong>hac</strong></span> <span class='ocrx_word' id='word_1_45' title='bbox 1034 844 1131 928; x_wconf 81' lang='lat' dir='ltr'><strong>igno--</strong></span> 
     </span>
     <span class='ocr_line' id='line_1_7' title="bbox 46 925 630 1004; baseline 0 -19"><span class='ocrx_word' id='word_1_46' title='bbox 46 927 131 986; x_wconf 75' lang='lat' dir='ltr'><strong>uinis</strong></span> <span class='ocrx_word' id='word_1_47' title='bbox 154 946 174 1004; x_wconf 83' lang='lat' dir='ltr'><strong>a</strong></span> <span class='ocrx_word' id='word_1_48' title='bbox 194 925 295 987; x_wconf 89' lang='lat' dir='ltr'><strong>Medio</strong></span> <span class='ocrx_word' id='word_1_49' title='bbox 308 925 476 988; x_wconf 87' lang='lat' dir='ltr'><strong>anensibus.</strong></span> <span class='ocrx_word' id='word_1_50' title='bbox 500 945 630 992; x_wconf 80' lang='lat' dir='ltr'><strong>ronrsn.</strong></span> 
     </span>
    </p>

    <p class='ocr_par' dir='ltr' id='par_1_3' title="bbox 43 1007 1123 1346">
     <span class='ocr_line' id='line_1_8' title="bbox 123 1007 1122 1094; baseline 0 -22"><span class='ocrx_word' id='word_1_51' title='bbox 123 1007 321 1094; x_wconf 73' lang='lat' dir='ltr'><strong>Pag.195,7.</strong></span> <span class='ocrx_word' id='word_1_52' title='bbox 343 1011 525 1072; x_wconf 83' lang='lat' dir='ltr'><strong>tolerare</strong></span> <span class='ocrx_word' id='word_1_53' title='bbox 544 1009 756 1071; x_wconf 82' lang='lat' dir='ltr'><strong>militiam.</strong></span> <span class='ocrx_word' id='word_1_54' title='bbox 776 1007 870 1094; x_wconf 81' lang='lat' dir='ltr'><strong>Apud</strong></span> <span class='ocrx_word' id='word_1_55' title='bbox 883 1008 991 1094; x_wconf 86' lang='lat' dir='ltr'><strong>Eurip.</strong></span> <span class='ocrx_word' id='word_1_56' title='bbox 1011 1011 1043 1072; x_wconf 92' lang='lat' dir='ltr'><strong>in</strong></span> <span class='ocrx_word' id='word_1_57' title='bbox 1059 1010 1122 1072; x_wconf 87' lang='lat' dir='ltr'><strong>lie·</strong></span> 
     </span>
     <span class='ocr_line' id='line_1_9' title="bbox 46 1089 1123 1176; baseline 0.005 -24"><span class='ocrx_word' id='word_1_58' title='bbox 46 1090 118 1152; x_wconf 89' lang='lat' dir='ltr'><strong>cuba</strong></span> <span class='ocrx_word' id='word_1_59' title='bbox 141 1091 333 1176; x_wconf 77' lang='lat' dir='ltr'>Polydorus,</span> <span class='ocrx_word' id='word_1_60' title='bbox 354 1095 496 1155; x_wconf 90' lang='lat' dir='ltr'><strong>minimus</strong></span> <span class='ocrx_word' id='word_1_61' title='bbox 516 1101 657 1157; x_wconf 85' lang='lat' dir='ltr'><strong>natorum</strong></span> <span class='ocrx_word' id='word_1_62' title='bbox 678 1094 793 1155; x_wconf 79' lang='lat' dir='ltr'>Priami</span> <span class='ocrx_word' id='word_1_63' title='bbox 815 1095 932 1156; x_wconf 78' lang='lat' dir='ltr'><strong>deser</strong></span> <span class='ocrx_word' id='word_1_64' title='bbox 965 1089 1123 1166; x_wconf 73' lang='grc' dir='ltr'><strong>νεώτατος</strong></span> 
     </span>
     <span class='ocr_line' id='line_1_10' title="bbox 46 1163 1122 1284; baseline -0.003 -50"><span class='ocrx_word' id='word_1_65' title='bbox 46 1173 73 1234; x_wconf 76' lang='lat' dir='ltr'><strong>l&#39;</strong></span> <span class='ocrx_word' id='word_1_66' title='bbox 86 1163 124 1254; x_wconf 76' lang='grc' dir='ltr'><strong>ἧν</strong></span> <span class='ocrx_word' id='word_1_67' title='bbox 144 1173 357 1256; x_wconf 73' lang='grc' dir='ltr'><em>Πριαμιδῶν·</em></span> <span class='ocrx_word' id='word_1_68' title='bbox 379 1169 399 1238; x_wconf 77' lang='grc' dir='ltr'><em>ὃ</em></span> <span class='ocrx_word' id='word_1_69' title='bbox 418 1175 475 1238; x_wconf 73' lang='grc' dir='ltr'><strong>καί</strong></span> <span class='ocrx_word' id='word_1_70' title='bbox 489 1191 532 1254; x_wconf 79' lang='grc' dir='ltr'><strong>με</strong></span> <span class='ocrx_word' id='word_1_71' title='bbox 551 1177 608 1284; x_wconf 51' lang='lat' dir='ltr'><strong>raze</strong></span> <span class='ocrx_word' id='word_1_72' title='bbox 628 1172 862 1256; x_wconf 68' lang='grc' dir='ltr'><strong>ὑπεξέπεμψεν·</strong></span> <span class='ocrx_word' id='word_1_73' title='bbox 882 1169 953 1240; x_wconf 71' lang='grc' dir='ltr'><strong>οὕτω</strong></span> <span class='ocrx_word' id='word_1_74' title='bbox 973 1172 1034 1260; x_wconf 75' lang='grc' dir='ltr'><strong>γὰρ</strong></span> <span class='ocrx_word' id='word_1_75' title='bbox 1062 1177 1122 1262; x_wconf 72' lang='lat' dir='ltr'><strong>pl-</strong></span> 
     </span>
     <span class='ocr_line' id='line_1_11' title="bbox 43 1248 1032 1346; baseline 0.008 -30"><span class='ocrx_word' id='word_1_76' title='bbox 43 1274 104 1338; x_wconf 81' lang='grc' dir='ltr'><strong>ρειν</strong></span> <span class='ocrx_word' id='word_1_77' title='bbox 125 1249 234 1336; x_wconf 75' lang='lat' dir='ltr'><strong>iulo,</strong></span> <span class='ocrx_word' id='word_1_78' title='bbox 267 1249 433 1340; x_wconf 63' lang='grc' dir='ltr'><strong>οὔτ’ὅγχὸς</strong></span> <span class='ocrx_word' id='word_1_79' title='bbox 452 1248 516 1332; x_wconf 76' lang='grc' dir='ltr'><strong>οἶος</strong></span> <span class='ocrx_word' id='word_1_80' title='bbox 538 1259 614 1339; x_wconf 82' lang='grc' dir='ltr'><strong>τήν</strong></span> <span class='ocrx_word' id='word_1_81' title='bbox 635 1259 701 1346; x_wconf 79' lang='grc' dir='ltr'><strong>νέῳ·</strong></span> <span class='ocrx_word' id='word_1_82' title='bbox 714 1259 872 1342; x_wconf 78' lang='grc' dir='ltr'><strong>βραχάινι.</strong></span> <span class='ocrx_word' id='word_1_83' title='bbox 902 1280 1032 1324; x_wconf 79' lang='lat' dir='ltr'><strong>ronrsr.</strong></span> 
     </span>
    </p>

    <p class='ocr_par' dir='ltr' id='par_1_4' title="bbox 41 1341 1122 1677">
     <span class='ocr_line' id='line_1_12' title="bbox 118 1341 1120 1430; baseline 0.002 -28"><span class='ocrx_word' id='word_1_84' title='bbox 118 1341 653 1426; x_wconf 73' lang='lat' dir='ltr'><strong>Pag.196‚18.m0nasrerium</strong></span> <span class='ocrx_word' id='word_1_85' title='bbox 691 1363 846 1430; x_wconf 81' lang='lat' dir='ltr'><strong>quoque</strong></span> <span class='ocrx_word' id='word_1_86' title='bbox 875 1343 1120 1406; x_wconf 77' lang='lat' dir='ltr'><strong>diruendum.</strong></span> 
     </span>
     <span class='ocr_line' id='line_1_13' title="bbox 43 1421 1122 1510; baseline 0.003 -25"><span class='ocrx_word' id='word_1_87' title='bbox 43 1423 161 1486; x_wconf 85' lang='lat' dir='ltr'><strong>Graecis</strong></span> <span class='ocrx_word' id='word_1_88' title='bbox 182 1421 263 1507; x_wconf 73' lang='grc' dir='ltr'><strong>μυνῆ</strong></span> <span class='ocrx_word' id='word_1_89' title='bbox 286 1438 331 1487; x_wconf 87' lang='lat' dir='ltr'><strong>est</strong></span> <span class='ocrx_word' id='word_1_90' title='bbox 350 1428 684 1510; x_wconf 61' lang='lat' dir='ltr'><strong>monasteriumqussi</strong></span> <span class='ocrx_word' id='word_1_91' title='bbox 704 1425 786 1487; x_wconf 73' lang='lat' dir='ltr'><strong>(lices</strong></span> <span class='ocrx_word' id='word_1_92' title='bbox 800 1430 995 1490; x_wconf 76' lang='lat' dir='ltr'><strong>mansionem.</strong></span> <span class='ocrx_word' id='word_1_93' title='bbox 1018 1428 1122 1505; x_wconf 81' lang='lat' dir='ltr'><strong>Quare</strong></span> 
     </span>
     <span class='ocr_line' id='line_1_14' title="bbox 41 1509 1122 1594; baseline 0.006 -28"><span class='ocrx_word' id='word_1_94' title='bbox 41 1509 124 1569; x_wconf 86' lang='lat' dir='ltr'><strong>etiam</strong></span> <span class='ocrx_word' id='word_1_95' title='bbox 146 1509 348 1594; x_wconf 70' lang='lat' dir='ltr'><strong>scriptoribus</strong></span> <span class='ocrx_word' id='word_1_96' title='bbox 369 1511 574 1574; x_wconf 84' lang='lat' dir='ltr'><strong>ecclesiasticis</strong></span> <span class='ocrx_word' id='word_1_97' title='bbox 595 1510 711 1572; x_wconf 89' lang='lat' dir='ltr'><strong>Latinis</strong></span> <span class='ocrx_word' id='word_1_98' title='bbox 730 1512 970 1591; x_wconf 79' lang='lat' dir='ltr'><strong>mansionarius,</strong></span> <span class='ocrx_word' id='word_1_99' title='bbox 988 1513 1122 1572; x_wconf 73' lang='grc' dir='ltr'><strong>ιιιιυείο-</strong></span> 
     </span>
     <span class='ocr_line' id='line_1_15' title="bbox 42 1589 905 1677; baseline 0.01 -28"><span class='ocrx_word' id='word_1_100' title='bbox 42 1593 85 1652; x_wconf 90' lang='lat' dir='ltr'><strong>nis</strong></span> <span class='ocrx_word' id='word_1_101' title='bbox 104 1589 204 1654; x_wconf 87' lang='lat' dir='ltr'><strong>incola</strong></span> <span class='ocrx_word' id='word_1_102' title='bbox 215 1639 225 1676; x_wconf 91' lang='lat'><strong>,</strong></span> <span class='ocrx_word' id='word_1_103' title='bbox 247 1591 419 1677; x_wconf 87' lang='lat' dir='ltr'><strong>habitator,</strong></span> <span class='ocrx_word' id='word_1_104' title='bbox 442 1595 550 1668; x_wconf 89' lang='lat' dir='ltr'><strong>idest,</strong></span> <span class='ocrx_word' id='word_1_105' title='bbox 570 1595 755 1656; x_wconf 80' lang='lat' dir='ltr'><strong>monasterii.</strong></span> <span class='ocrx_word' id='word_1_106' title='bbox 777 1615 905 1658; x_wconf 83' lang='lat' dir='ltr'><strong>ronrsn.</strong></span> 
     </span>
    </p>

    <p class='ocr_par' dir='ltr' id='par_1_5' title="bbox 36 1675 1124 2247">
     <span class='ocr_line' id='line_1_16' title="bbox 116 1675 1122 1762; baseline 0.002 -25"><span class='ocrx_word' id='word_1_107' title='bbox 116 1675 378 1758; x_wconf 46' lang='lat' dir='ltr'><strong>regenerare</strong></span> <span class='ocrx_word' id='word_1_108' title='bbox 399 1699 537 1762; x_wconf 77' lang='lat' dir='ltr'><strong>magno</strong></span> <span class='ocrx_word' id='word_1_109' title='bbox 556 1676 772 1758; x_wconf 82' lang='lat' dir='ltr'><strong>Dionysio.</strong></span> <span class='ocrx_word' id='word_1_110' title='bbox 814 1678 880 1738; x_wconf 83' lang='lat' dir='ltr'><strong>lion</strong></span> <span class='ocrx_word' id='word_1_111' title='bbox 908 1675 996 1740; x_wconf 81' lang='lat' dir='ltr'><strong>effert</strong></span> <span class='ocrx_word' id='word_1_112' title='bbox 1028 1677 1122 1739; x_wconf 82' lang='lat' dir='ltr'><strong>verba</strong></span> 
     </span>
     <span class='ocr_line' id='line_1_17' title="bbox 39 1757 1122 1844; baseline 0.005 -27"><span class='ocrx_word' id='word_1_113' title='bbox 39 1757 171 1842; x_wconf 84' lang='lat' dir='ltr'><strong>Dionysii</strong></span> <span class='ocrx_word' id='word_1_114' title='bbox 200 1763 398 1844; x_wconf 81' lang='lat' dir='ltr'><strong>Areopagitae</strong></span> <span class='ocrx_word' id='word_1_115' title='bbox 423 1762 678 1838; x_wconf 84' lang='lat' dir='ltr'><strong>·Csntacuaenus‚</strong></span> <span class='ocrx_word' id='word_1_116' title='bbox 707 1761 759 1822; x_wconf 87' lang='lat' dir='ltr'><strong>sed</strong></span> <span class='ocrx_word' id='word_1_117' title='bbox 792 1781 911 1823; x_wconf 89' lang='lat' dir='ltr'><strong>sensnm</strong></span> <span class='ocrx_word' id='word_1_118' title='bbox 935 1773 1122 1823; x_wconf 81' lang='lat' dir='ltr'><strong>sementem</strong></span> 
     </span>
     <span class='ocr_line' id='line_1_18' title="bbox 38 1842 1122 1927; baseline 0.006 -26"><span class='ocrx_word' id='word_1_119' title='bbox 38 1843 192 1920; x_wconf 89' lang='lat' dir='ltr'><strong>eiusdem,</strong></span> <span class='ocrx_word' id='word_1_120' title='bbox 226 1847 406 1927; x_wconf 69' lang='lat' dir='ltr'><strong>auspiciola</strong></span> <span class='ocrx_word' id='word_1_121' title='bbox 428 1844 541 1908; x_wconf 86' lang='lat' dir='ltr'><strong>scilicet</strong></span> <span class='ocrx_word' id='word_1_122' title='bbox 559 1844 597 1907; x_wconf 88' lang='lat' dir='ltr'><strong>ad</strong></span> <span class='ocrx_word' id='word_1_123' title='bbox 620 1842 857 1927; x_wconf 88' lang='lat' dir='ltr'><strong>Demophilum,</strong></span> <span class='ocrx_word' id='word_1_124' title='bbox 887 1848 919 1906; x_wconf 91' lang='lat' dir='ltr'><strong>in</strong></span> <span class='ocrx_word' id='word_1_125' title='bbox 950 1865 1011 1927; x_wconf 86' lang='lat' dir='ltr'><strong>qua</strong></span> <span class='ocrx_word' id='word_1_126' title='bbox 1043 1843 1122 1908; x_wconf 90' lang='lat' dir='ltr'><strong>nihil</strong></span> 
     </span>
     <span class='ocr_line' id='line_1_19' title="bbox 38 1926 1123 2028; baseline 0.004 -44"><span class='ocrx_word' id='word_1_127' title='bbox 38 1928 95 2008; x_wconf 82' lang='lat' dir='ltr'><strong>agit</strong></span> <span class='ocrx_word' id='word_1_128' title='bbox 113 1927 223 2005; x_wconf 89' lang='lat' dir='ltr'><strong>aliud,</strong></span> <span class='ocrx_word' id='word_1_129' title='bbox 247 1945 340 2013; x_wconf 87' lang='lat' dir='ltr'><strong>quam</strong></span> <span class='ocrx_word' id='word_1_130' title='bbox 359 1942 395 1994; x_wconf 92' lang='lat' dir='ltr'><strong>ut</strong></span> <span class='ocrx_word' id='word_1_131' title='bbox 410 1929 567 2002; x_wconf 84' lang='lat' dir='ltr'><strong>ostendat,</strong></span> <span class='ocrx_word' id='word_1_132' title='bbox 590 1930 656 1991; x_wconf 90' lang='lat' dir='ltr'><strong>Deo</strong></span> <span class='ocrx_word' id='word_1_133' title='bbox 675 1949 737 1989; x_wconf 92' lang='lat' dir='ltr'><strong>non</strong></span> <span class='ocrx_word' id='word_1_134' title='bbox 758 1926 890 2012; x_wconf 76' lang='lat' dir='ltr'><strong>plaeere,</strong></span> <span class='ocrx_word' id='word_1_135' title='bbox 912 1947 991 2028; x_wconf 62' lang='lat' dir='ltr'><strong>(puae</strong></span> <span class='ocrx_word' id='word_1_136' title='bbox 1010 1948 1123 2010; x_wconf 82' lang='lat' dir='ltr'><strong>gerun-</strong></span> 
     </span>
     <span class='ocr_line' id='line_1_20' title="bbox 37 2011 1124 2097; baseline 0.004 -27"><span class='ocrx_word' id='word_1_137' title='bbox 37 2021 83 2070; x_wconf 90' lang='lat' dir='ltr'><strong>tur</strong></span> <span class='ocrx_word' id='word_1_138' title='bbox 103 2023 156 2074; x_wconf 86' lang='lat' dir='ltr'><strong>ant</strong></span> <span class='ocrx_word' id='word_1_139' title='bbox 179 2024 303 2097; x_wconf 83' lang='lat' dir='ltr'><strong>praeter</strong></span> <span class='ocrx_word' id='word_1_140' title='bbox 321 2022 500 2097; x_wconf 85' lang='lat' dir='ltr'><strong>potestatem</strong></span> <span class='ocrx_word' id='word_1_141' title='bbox 521 2011 656 2092; x_wconf 68' lang='lat' dir='ltr'><strong>orslinis,</strong></span> <span class='ocrx_word' id='word_1_142' title='bbox 687 2023 740 2073; x_wconf 89' lang='lat' dir='ltr'><strong>aut</strong></span> <span class='ocrx_word' id='word_1_143' title='bbox 768 2032 825 2095; x_wconf 92' lang='lat' dir='ltr'><strong>per</strong></span> <span class='ocrx_word' id='word_1_144' title='bbox 843 2015 937 2074; x_wconf 85' lang='lat' dir='ltr'><strong>anion</strong></span> <span class='ocrx_word' id='word_1_145' title='bbox 972 2012 1124 2093; x_wconf 84' lang='lat' dir='ltr'><strong>impoten-</strong></span> 
     </span>
     <span class='ocr_line' id='line_1_21' title="bbox 36 2093 1124 2184; baseline 0.002 -30"><span class='ocrx_word' id='word_1_146' title='bbox 36 2098 123 2174; x_wconf 79' lang='lat' dir='ltr'><strong>tiam,</strong></span> <span class='ocrx_word' id='word_1_147' title='bbox 159 2111 197 2159; x_wconf 88' lang='lat' dir='ltr'><strong>nt</strong></span> <span class='ocrx_word' id='word_1_148' title='bbox 224 2097 337 2160; x_wconf 84' lang='lat' dir='ltr'><strong>fecerat</strong></span> <span class='ocrx_word' id='word_1_149' title='bbox 359 2093 583 2183; x_wconf 83' lang='lat' dir='ltr'><strong>Demophilus,</strong></span> <span class='ocrx_word' id='word_1_150' title='bbox 618 2115 711 2184; x_wconf 75' lang='grc' dir='ltr'><strong>φιειιι</strong></span> <span class='ocrx_word' id='word_1_151' title='bbox 732 2093 845 2158; x_wconf 79' lang='lat' dir='ltr'><strong>idcirco</strong></span> <span class='ocrx_word' id='word_1_152' title='bbox 866 2095 998 2160; x_wconf 77' lang='lat' dir='ltr'><strong>severim</strong></span> <span class='ocrx_word' id='word_1_153' title='bbox 1017 2115 1124 2179; x_wconf 87' lang='lat' dir='ltr'><strong>repre-</strong></span> 
     </span>
     <span class='ocr_line' id='line_1_22' title="bbox 36 2175 409 2247; baseline 0.016 -9"><span class='ocrx_word' id='word_1_154' title='bbox 36 2175 148 2247; x_wconf 86' lang='lat' dir='ltr'><strong>hendit.</strong></span> <span class='ocrx_word' id='word_1_155' title='bbox 168 2201 308 2245; x_wconf 71' lang='lat' dir='ltr'><strong>rossan·</strong></span> <span class='ocrx_word' id='word_1_156' title='bbox 403 2195 409 2210; x_wconf 90' lang='lat'><strong>·</strong></span> 
     </span>
    </p>

    <p class='ocr_par' dir='ltr' id='par_1_6' title="bbox 33 2258 1134 2932">
     <span class='ocr_line' id='line_1_23' title="bbox 113 2258 1122 2348; baseline 0.011 -24"><span class='ocrx_word' id='word_1_157' title='bbox 113 2263 337 2348; x_wconf 53' lang='lat' dir='ltr'><strong>Pagasaeo.</strong></span> <span class='ocrx_word' id='word_1_158' title='bbox 367 2264 424 2347; x_wconf 68' lang='lat' dir='ltr'><strong>rije</strong></span> <span class='ocrx_word' id='word_1_159' title='bbox 452 2263 709 2345; x_wconf 72' lang='grc' dir='ltr'><strong>γυναικωνίτιδος</strong></span> <span class='ocrx_word' id='word_1_160' title='bbox 739 2258 896 2345; x_wconf 71' lang='grc' dir='ltr'><strong>συνούσης</strong></span> <span class='ocrx_word' id='word_1_161' title='bbox 933 2258 1046 2343; x_wconf 65' lang='lat' dir='ltr'><strong>airas,</strong></span> <span class='ocrx_word' id='word_1_162' title='bbox 1077 2261 1122 2323; x_wconf 70' lang='lat' dir='ltr'><strong>im</strong></span> 
     </span>
     <span class='ocr_line' id='line_1_24' title="bbox 37 2343 1124 2428; baseline 0.004 -26"><span class='ocrx_word' id='word_1_163' title='bbox 37 2343 325 2427; x_wconf 79' lang='lat' dir='ltr'><strong>Frnweneimmer3</strong></span> <span class='ocrx_word' id='word_1_164' title='bbox 351 2343 509 2428; x_wconf 67' lang='grc' dir='ltr'><strong>γυναικών</strong></span> <span class='ocrx_word' id='word_1_165' title='bbox 529 2360 575 2413; x_wconf 87' lang='lat' dir='ltr'><strong>est</strong></span> <span class='ocrx_word' id='word_1_166' title='bbox 593 2349 752 2427; x_wconf 87' lang='lat' dir='ltr'><strong>conclave,</strong></span> <span class='ocrx_word' id='word_1_167' title='bbox 777 2347 1009 2411; x_wconf 87' lang='lat' dir='ltr'><strong>contuhemium</strong></span> <span class='ocrx_word' id='word_1_168' title='bbox 1030 2344 1124 2408; x_wconf 83' lang='lat' dir='ltr'><strong>muli·</strong></span> 
     </span>
     <span class='ocr_line' id='line_1_25' title="bbox 37 2426 1122 2518; baseline 0.003 -31"><span class='ocrx_word' id='word_1_169' title='bbox 37 2450 137 2514; x_wconf 84' lang='lat' dir='ltr'><strong>erum,</strong></span> <span class='ocrx_word' id='word_1_170' title='bbox 159 2431 249 2494; x_wconf 88' lang='lat' dir='ltr'><strong>loeus</strong></span> <span class='ocrx_word' id='word_1_171' title='bbox 270 2426 465 2508; x_wconf 85' lang='lat' dir='ltr'><strong>insedibus,</strong></span> <span class='ocrx_word' id='word_1_172' title='bbox 491 2436 523 2496; x_wconf 91' lang='lat' dir='ltr'><strong>in</strong></span> <span class='ocrx_word' id='word_1_173' title='bbox 545 2453 607 2518; x_wconf 85' lang='lat' dir='ltr'><strong>quo</strong></span> <span class='ocrx_word' id='word_1_174' title='bbox 626 2433 768 2496; x_wconf 86' lang='lat' dir='ltr'><strong>mulieres</strong></span> <span class='ocrx_word' id='word_1_175' title='bbox 789 2433 913 2494; x_wconf 80' lang='lat' dir='ltr'><strong>seorsim</strong></span> <span class='ocrx_word' id='word_1_176' title='bbox 934 2450 952 2492; x_wconf 86' lang='lat' dir='ltr'><strong>a</strong></span> <span class='ocrx_word' id='word_1_177' title='bbox 971 2431 1044 2492; x_wconf 79' lang='lat' dir='ltr'><strong>viris</strong></span> <span class='ocrx_word' id='word_1_178' title='bbox 1064 2429 1122 2490; x_wconf 73' lang='lat' dir='ltr'><strong>ha·</strong></span> 
     </span>
     <span class='ocr_line' id='line_1_26' title="bbox 36 2510 1124 2598; baseline 0.003 -27"><span class='ocrx_word' id='word_1_179' title='bbox 36 2510 143 2577; x_wconf 87' lang='lat' dir='ltr'><strong>hitant.</strong></span> <span class='ocrx_word' id='word_1_180' title='bbox 186 2517 275 2577; x_wconf 88' lang='lat' dir='ltr'><strong>idem</strong></span> <span class='ocrx_word' id='word_1_181' title='bbox 298 2527 328 2577; x_wconf 87' lang='lat' dir='ltr'><strong>et</strong></span> <span class='ocrx_word' id='word_1_182' title='bbox 348 2515 473 2598; x_wconf 90' lang='lat' dir='ltr'><strong>quidem</strong></span> <span class='ocrx_word' id='word_1_183' title='bbox 492 2519 633 2580; x_wconf 83' lang='lat' dir='ltr'><strong>usitatius</strong></span> <span class='ocrx_word' id='word_1_184' title='bbox 661 2528 705 2578; x_wconf 89' lang='lat' dir='ltr'><strong>est</strong></span> <span class='ocrx_word' id='word_1_185' title='bbox 737 2518 975 2594; x_wconf 78' lang='grc' dir='ltr'><strong>γυναικωνῖτις,</strong></span> <span class='ocrx_word' id='word_1_186' title='bbox 1003 2533 1065 2594; x_wconf 87' lang='lat' dir='ltr'><strong>quo</strong></span> <span class='ocrx_word' id='word_1_187' title='bbox 1091 2522 1124 2574; x_wconf 83' lang='lat' dir='ltr'><strong>at</strong></span> 
     </span>
     <span class='ocr_line' id='line_1_27' title="bbox 37 2593 1123 2682; baseline 0 -26"><span class='ocrx_word' id='word_1_188' title='bbox 37 2593 132 2660; x_wconf 83' lang='lat' dir='ltr'><strong>Latini</strong></span> <span class='ocrx_word' id='word_1_189' title='bbox 157 2601 206 2660; x_wconf 89' lang='lat' dir='ltr'><strong>usi</strong></span> <span class='ocrx_word' id='word_1_190' title='bbox 229 2609 302 2660; x_wconf 86' lang='lat' dir='ltr'><strong>sunt</strong></span> <span class='ocrx_word' id='word_1_191' title='bbox 322 2619 560 2682; x_wconf 88' lang='lat' dir='ltr'><strong>nonnunquam,</strong></span> <span class='ocrx_word' id='word_1_192' title='bbox 584 2611 619 2660; x_wconf 90' lang='lat' dir='ltr'><strong>ut</strong></span> <span class='ocrx_word' id='word_1_193' title='bbox 632 2599 781 2660; x_wconf 83' lang='lat' dir='ltr'><strong>Aemilius</strong></span> <span class='ocrx_word' id='word_1_194' title='bbox 801 2596 923 2658; x_wconf 88' lang='lat' dir='ltr'><strong>Probus</strong></span> <span class='ocrx_word' id='word_1_195' title='bbox 943 2597 974 2654; x_wconf 90' lang='lat' dir='ltr'><strong>in</strong></span> <span class='ocrx_word' id='word_1_196' title='bbox 995 2593 1123 2676; x_wconf 76' lang='lat' dir='ltr'><strong>praelat·</strong></span> 
     </span>
     <span class='ocr_line' id='line_1_28' title="bbox 34 2675 1134 2766; baseline 0 -29"><span class='ocrx_word' id='word_1_197' title='bbox 34 2675 86 2741; x_wconf 88' lang='lat' dir='ltr'><strong>Est</strong></span> <span class='ocrx_word' id='word_1_198' title='bbox 112 2693 219 2744; x_wconf 88' lang='lat' dir='ltr'><strong>tamen</strong></span> <span class='ocrx_word' id='word_1_199' title='bbox 248 2681 371 2764; x_wconf 60' lang='lat' dir='ltr'><strong>wando</strong></span> <span class='ocrx_word' id='word_1_200' title='bbox 399 2683 499 2766; x_wconf 89' lang='lat' dir='ltr'><strong>ipsum</strong></span> <span class='ocrx_word' id='word_1_201' title='bbox 523 2683 706 2743; x_wconf 78' lang='lat' dir='ltr'><strong>feminarum</strong></span> <span class='ocrx_word' id='word_1_202' title='bbox 728 2691 848 2742; x_wconf 88' lang='lat' dir='ltr'><strong>coetum</strong></span> <span class='ocrx_word' id='word_1_203' title='bbox 877 2677 1049 2760; x_wconf 80' lang='lat' dir='ltr'><strong>significat,</strong></span> <span class='ocrx_word' id='word_1_204' title='bbox 1085 2687 1134 2737; x_wconf 81' lang='lat' dir='ltr'><strong>nt·</strong></span> 
     </span>
     <span class='ocr_line' id='line_1_29' title="bbox 34 2755 1123 2848; baseline 0.004 -30"><span class='ocrx_word' id='word_1_205' title='bbox 34 2765 120 2826; x_wconf 88' lang='lat' dir='ltr'><strong>etiarn</strong></span> <span class='ocrx_word' id='word_1_206' title='bbox 141 2765 203 2828; x_wconf 90' lang='lat' dir='ltr'><strong>hoc</strong></span> <span class='ocrx_word' id='word_1_207' title='bbox 225 2764 303 2828; x_wconf 89' lang='lat' dir='ltr'><strong>loco.</strong></span> <span class='ocrx_word' id='word_1_208' title='bbox 322 2759 325 2766; x_wconf 83' lang='grc'><strong>’</strong></span> <span class='ocrx_word' id='word_1_209' title='bbox 345 2765 392 2826; x_wconf 86' lang='lat' dir='ltr'><strong>lta</strong></span> <span class='ocrx_word' id='word_1_210' title='bbox 421 2764 505 2848; x_wconf 86' lang='lat' dir='ltr'><strong>apud</strong></span> <span class='ocrx_word' id='word_1_211' title='bbox 534 2765 733 2826; x_wconf 84' lang='lat' dir='ltr'><strong>Plutarchum</strong></span> <span class='ocrx_word' id='word_1_212' title='bbox 763 2763 802 2824; x_wconf 87' lang='lat' dir='ltr'><strong>de</strong></span> <span class='ocrx_word' id='word_1_213' title='bbox 831 2761 1008 2836; x_wconf 84' lang='lat' dir='ltr'><strong>Herodoto,</strong></span> <span class='ocrx_word' id='word_1_214' title='bbox 1042 2755 1123 2840; x_wconf 76' lang='lat' dir='ltr'><strong>passi</strong></span> 
     </span>
     <span class='ocr_line' id='line_1_30' title="bbox 33 2840 1085 2932; baseline -0.005 -21"><span class='ocrx_word' id='word_1_215' title='bbox 33 2847 86 2926; x_wconf 71' lang='grc' dir='ltr'><strong>τῆς</strong></span> <span class='ocrx_word' id='word_1_216' title='bbox 104 2845 367 2930; x_wconf 75' lang='grc' dir='ltr'><strong>γυναικωνίτιδος</strong></span> <span class='ocrx_word' id='word_1_217' title='bbox 384 2846 439 2910; x_wconf 74' lang='grc' dir='ltr'><strong>ἐπὶ</strong></span> <span class='ocrx_word' id='word_1_218' title='bbox 458 2840 536 2921; x_wconf 82' lang='grc' dir='ltr'><strong>τούς</strong></span> <span class='ocrx_word' id='word_1_219' title='bbox 550 2841 702 2930; x_wconf 76' lang='grc' dir='ltr'><strong>Ἓλληνας</strong></span> <span class='ocrx_word' id='word_1_220' title='bbox 718 2841 931 2932; x_wconf 58' lang='grc' dir='ltr'><strong>ἐστράτευσεν.</strong></span> <span class='ocrx_word' id='word_1_221' title='bbox 953 2865 1085 2908; x_wconf 74' lang='lat' dir='ltr'><strong>rossan.</strong></span> 
     </span>
    </p>

    <p class='ocr_par' dir='ltr' id='par_1_7' title="bbox 28 2924 1123 3266">
     <span class='ocr_line' id='line_1_31' title="bbox 115 2924 1122 3017; baseline -0.005 -22"><span class='ocrx_word' id='word_1_222' title='bbox 115 2933 315 3015; x_wconf 69' lang='lat' dir='ltr'><strong>Pag.srp,4.</strong></span> <span class='ocrx_word' id='word_1_223' title='bbox 337 2931 587 3017; x_wconf 76' lang='lat' dir='ltr'><strong>alteramque</strong></span> <span class='ocrx_word' id='word_1_224' title='bbox 622 2951 770 2996; x_wconf 82' lang='lat' dir='ltr'><strong>aurem.</strong></span> <span class='ocrx_word' id='word_1_225' title='bbox 797 2924 970 2991; x_wconf 80' lang='lat' dir='ltr'><strong>Alexander·</strong></span> <span class='ocrx_word' id='word_1_226' title='bbox 994 2947 1122 3012; x_wconf 77' lang='lat' dir='ltr'><strong>magnus</strong></span> 
     </span>
     <span class='ocr_line' id='line_1_32' title="bbox 32 3011 1123 3090; baseline -0.003 -15"><span class='ocrx_word' id='word_1_227' title='bbox 32 3028 243 3079; x_wconf 75' lang='lat' dir='ltr'><strong>accusatorem</strong></span> <span class='ocrx_word' id='word_1_228' title='bbox 262 3014 410 3090; x_wconf 84' lang='lat' dir='ltr'><strong>audiens,</strong></span> <span class='ocrx_word' id='word_1_229' title='bbox 433 3035 528 3076; x_wconf 89' lang='lat' dir='ltr'><strong>manu</strong></span> <span class='ocrx_word' id='word_1_230' title='bbox 547 3015 670 3076; x_wconf 88' lang='lat' dir='ltr'><strong>admota</strong></span> <span class='ocrx_word' id='word_1_231' title='bbox 702 3011 829 3074; x_wconf 85' lang='lat' dir='ltr'><strong>alteram</strong></span> <span class='ocrx_word' id='word_1_232' title='bbox 851 3031 956 3073; x_wconf 86' lang='lat' dir='ltr'><strong>aurem</strong></span> <span class='ocrx_word' id='word_1_233' title='bbox 980 3012 1123 3074; x_wconf 88' lang='lat' dir='ltr'><strong>occlude·</strong></span> 
     </span>
     <span class='ocr_line' id='line_1_33' title="bbox 31 3090 1122 3183; baseline -0.001 -27"><span class='ocrx_word' id='word_1_234' title='bbox 31 3090 103 3176; x_wconf 89' lang='lat' dir='ltr'><strong>hat,</strong></span> <span class='ocrx_word' id='word_1_235' title='bbox 125 3099 215 3183; x_wconf 89' lang='lat' dir='ltr'><strong>quod</strong></span> <span class='ocrx_word' id='word_1_236' title='bbox 239 3117 306 3161; x_wconf 87' lang='lat' dir='ltr'><strong>cam</strong></span> <span class='ocrx_word' id='word_1_237' title='bbox 330 3121 383 3162; x_wconf 92' lang='lat' dir='ltr'><strong>reo</strong></span> <span class='ocrx_word' id='word_1_238' title='bbox 407 3118 440 3160; x_wconf 92' lang='lat' dir='ltr'><strong>se</strong></span> <span class='ocrx_word' id='word_1_239' title='bbox 458 3097 573 3160; x_wconf 80' lang='lat' dir='ltr'><strong>diceret</strong></span> <span class='ocrx_word' id='word_1_240' title='bbox 592 3117 722 3160; x_wconf 72' lang='lat' dir='ltr'><strong>seruare.</strong></span> <span class='ocrx_word' id='word_1_241' title='bbox 763 3095 846 3158; x_wconf 87' lang='lat' dir='ltr'><strong>lnsrn</strong></span> <span class='ocrx_word' id='word_1_242' title='bbox 867 3095 995 3156; x_wconf 87' lang='lat' dir='ltr'><strong>eandem</strong></span> <span class='ocrx_word' id='word_1_243' title='bbox 1026 3093 1122 3156; x_wconf 87' lang='lat' dir='ltr'><strong>histo·</strong></span> 
     </span>
     <span class='ocr_line' id='line_1_34' title="bbox 28 3178 1120 3266; baseline 0 -27"><span class='ocrx_word' id='word_1_244' title='bbox 28 3179 99 3242; x_wconf 69' lang='lat' dir='ltr'><strong>nam</strong></span> <span class='ocrx_word' id='word_1_245' title='bbox 113 3183 222 3245; x_wconf 90' lang='lat' dir='ltr'><strong>denno</strong></span> <span class='ocrx_word' id='word_1_246' title='bbox 237 3185 343 3266; x_wconf 77' lang='lat' dir='ltr'><strong>tangit.</strong></span> <span class='ocrx_word' id='word_1_247' title='bbox 364 3182 427 3243; x_wconf 85' lang='lat' dir='ltr'><strong>Cur</strong></span> <span class='ocrx_word' id='word_1_248' title='bbox 443 3181 594 3244; x_wconf 88' lang='lat' dir='ltr'><strong>enimnon</strong></span> <span class='ocrx_word' id='word_1_249' title='bbox 608 3181 668 3260; x_wconf 89' lang='lat' dir='ltr'><strong>his,</strong></span> <span class='ocrx_word' id='word_1_250' title='bbox 725 3179 766 3240; x_wconf 90' lang='lat' dir='ltr'><strong>od</strong></span> <span class='ocrx_word' id='word_1_251' title='bbox 778 3178 965 3262; x_wconf 81' lang='lat' dir='ltr'><strong>pulchrum?</strong></span> <span class='ocrx_word' id='word_1_252' title='bbox 987 3197 1120 3240; x_wconf 79' lang='grc' dir='ltr'><strong>κοιιτιιι.</strong></span> 
     </span>
    </p>

    <p class='ocr_par' dir='ltr' id='par_1_8' title="bbox 24 3201 1130 3760">
     <span class='ocr_line' id='line_1_35' title="bbox 108 3201 1121 3352; baseline -0.004 -24"><span class='ocrx_word' id='word_1_253' title='bbox 108 3265 189 3350; x_wconf 71' lang='lat' dir='ltr'><strong>rag.</strong></span> <span class='ocrx_word' id='word_1_254' title='bbox 205 3263 281 3343; x_wconf 78' lang='lat'><strong>218,</strong></span> <span class='ocrx_word' id='word_1_255' title='bbox 297 3265 342 3328; x_wconf 82' lang='lat'><strong>16.</strong></span> <span class='ocrx_word' id='word_1_256' title='bbox 350 3265 424 3346; x_wconf 83' lang='lat' dir='ltr'><strong>sla</strong></span> <span class='ocrx_word' id='word_1_257' title='bbox 434 3287 516 3326; x_wconf 87' lang='lat' dir='ltr'><strong>meu</strong></span> <span class='ocrx_word' id='word_1_258' title='bbox 527 3287 646 3352; x_wconf 86' lang='lat' dir='ltr'><strong>mque.</strong></span> <span class='ocrx_word' id='word_1_259' title='bbox 664 3201 861 3344; x_wconf 61' lang='lat' dir='ltr'><strong>Iihllcimpav</strong></span> <span class='ocrx_word' id='word_1_260' title='bbox 874 3272 963 3322; x_wconf 83' lang='lat' dir='ltr'><strong>vocat</strong></span> <span class='ocrx_word' id='word_1_261' title='bbox 978 3263 1121 3324; x_wconf 86' lang='lat' dir='ltr'><strong>Graccus.</strong></span> 
     </span>
     <span class='ocr_line' id='line_1_36' title="bbox 26 3341 1130 3432; baseline 0.004 -29"><span class='ocrx_word' id='word_1_262' title='bbox 26 3341 183 3428; x_wconf 84' lang='lat' dir='ltr'><strong>Flamen,</strong></span> <span class='ocrx_word' id='word_1_263' title='bbox 207 3349 253 3410; x_wconf 83' lang='lat' dir='ltr'><strong>ait</strong></span> <span class='ocrx_word' id='word_1_264' title='bbox 276 3349 403 3427; x_wconf 85' lang='lat' dir='ltr'><strong>Festus,</strong></span> <span class='ocrx_word' id='word_1_265' title='bbox 425 3351 568 3410; x_wconf 79' lang='grc' dir='ltr'><strong>αηιίεἰιιυ·</strong></span> <span class='ocrx_word' id='word_1_266' title='bbox 586 3349 699 3410; x_wconf 85' lang='lat' dir='ltr'><strong>nubens</strong></span> <span class='ocrx_word' id='word_1_267' title='bbox 712 3347 783 3408; x_wconf 82' lang='lat' dir='ltr'><strong>boni</strong></span> <span class='ocrx_word' id='word_1_268' title='bbox 799 3347 906 3406; x_wconf 70' lang='lat' dir='ltr'><strong>omimts</strong></span> <span class='ocrx_word' id='word_1_269' title='bbox 922 3365 1030 3424; x_wconf 79' lang='lat' dir='ltr'><strong>cama,</strong></span> <span class='ocrx_word' id='word_1_270' title='bbox 1043 3343 1130 3432; x_wconf 75' lang='lat' dir='ltr'><strong>qceod·</strong></span> 
     </span>
     <span class='ocr_line' id='line_1_37' title="bbox 26 3427 1126 3510; baseline 0.002 -22"><span class='ocrx_word' id='word_1_271' title='bbox 26 3447 59 3488; x_wconf 83' lang='lat' dir='ltr'><strong>eo</strong></span> <span class='ocrx_word' id='word_1_272' title='bbox 79 3433 207 3493; x_wconf 80' lang='lat' dir='ltr'><strong>assidue</strong></span> <span class='ocrx_word' id='word_1_273' title='bbox 237 3431 377 3494; x_wconf 74' lang='lat' dir='ltr'><strong>utebahsr</strong></span> <span class='ocrx_word' id='word_1_274' title='bbox 392 3432 591 3510; x_wconf 78' lang='lat' dir='ltr'><strong>Flaminica,</strong></span> <span class='ocrx_word' id='word_1_275' title='bbox 618 3431 655 3494; x_wconf 77' lang='lat' dir='ltr'><strong>id</strong></span> <span class='ocrx_word' id='word_1_276' title='bbox 671 3443 733 3506; x_wconf 89' lang='lat' dir='ltr'><strong>est,</strong></span> <span class='ocrx_word' id='word_1_277' title='bbox 763 3427 917 3489; x_wconf 68' lang='lat' dir='ltr'><strong>Flaminrs</strong></span> <span class='ocrx_word' id='word_1_278' title='bbox 947 3449 1042 3508; x_wconf 71' lang='grc' dir='ltr'><strong>ιηὀν,</strong></span> <span class='ocrx_word' id='word_1_279' title='bbox 1073 3430 1126 3490; x_wconf 75' lang='lat' dir='ltr'><strong>cui</strong></span> 
     </span>
     <span class='ocr_line' id='line_1_38' title="bbox 26 3509 1122 3593; baseline 0.001 -22"><span class='ocrx_word' id='word_1_280' title='bbox 26 3529 83 3574; x_wconf 81' lang='lat' dir='ltr'><strong>non</strong></span> <span class='ocrx_word' id='word_1_281' title='bbox 113 3515 233 3576; x_wconf 80' lang='lat' dir='ltr'><strong>licebat</strong></span> <span class='ocrx_word' id='word_1_282' title='bbox 242 3514 355 3592; x_wconf 83' lang='lat' dir='ltr'><strong>faeere</strong></span> <span class='ocrx_word' id='word_1_283' title='bbox 374 3514 549 3576; x_wconf 82' lang='lat' dir='ltr'><strong>divortium.</strong></span> <span class='ocrx_word' id='word_1_284' title='bbox 578 3515 677 3593; x_wconf 85' lang='lat' dir='ltr'><strong>Quale</strong></span> <span class='ocrx_word' id='word_1_285' title='bbox 697 3510 837 3576; x_wconf 83' lang='lat' dir='ltr'><strong>videlieet</strong></span> <span class='ocrx_word' id='word_1_286' title='bbox 864 3509 966 3575; x_wconf 81' lang='lat' dir='ltr'><strong>velum</strong></span> <span class='ocrx_word' id='word_1_287' title='bbox 989 3521 1122 3574; x_wconf 71' lang='lat' dir='ltr'><strong>namtas</strong></span> 
     </span>
     <span class='ocr_line' id='line_1_39' title="bbox 24 3595 1125 3681; baseline 0.001 -27"><span class='ocrx_word' id='word_1_288' title='bbox 24 3605 54 3654; x_wconf 90' lang='lat' dir='ltr'><strong>et</strong></span> <span class='ocrx_word' id='word_1_289' title='bbox 73 3597 196 3660; x_wconf 83' lang='lat' dir='ltr'><strong>velatae</strong></span> <span class='ocrx_word' id='word_1_290' title='bbox 219 3598 286 3658; x_wconf 87' lang='lat' dir='ltr'><strong>Deo</strong></span> <span class='ocrx_word' id='word_1_291' title='bbox 305 3600 437 3680; x_wconf 72' lang='lat' dir='ltr'><strong>virginee</strong></span> <span class='ocrx_word' id='word_1_292' title='bbox 465 3598 497 3657; x_wconf 90' lang='lat' dir='ltr'><strong>in</strong></span> <span class='ocrx_word' id='word_1_293' title='bbox 535 3599 683 3680; x_wconf 84' lang='lat' dir='ltr'><strong>capitibus</strong></span> <span class='ocrx_word' id='word_1_294' title='bbox 716 3607 855 3681; x_wconf 82' lang='lat' dir='ltr'><strong>gestant,</strong></span> <span class='ocrx_word' id='word_1_295' title='bbox 885 3606 922 3658; x_wconf 87' lang='lat' dir='ltr'><strong>nt</strong></span> <span class='ocrx_word' id='word_1_296' title='bbox 947 3615 995 3658; x_wconf 89' lang='lat' dir='ltr'><strong>res</strong></span> <span class='ocrx_word' id='word_1_297' title='bbox 1015 3595 1125 3656; x_wconf 85' lang='lat' dir='ltr'><strong>melius</strong></span> 
     </span>
     <span class='ocr_line' id='line_1_40' title="bbox 24 3677 646 3760; baseline -0.003 -14"><span class='ocrx_word' id='word_1_298' title='bbox 24 3677 238 3760; x_wconf 69' lang='lat' dir='ltr'><strong>intelligatur:</strong></span> <span class='ocrx_word' id='word_1_299' title='bbox 275 3683 325 3742; x_wconf 83' lang='lat' dir='ltr'><strong>ein</strong></span> <span class='ocrx_word' id='word_1_300' title='bbox 349 3679 484 3743; x_wconf 80' lang='lat' dir='ltr'><strong>Weilsel.</strong></span> <span class='ocrx_word' id='word_1_301' title='bbox 516 3701 646 3744; x_wconf 80' lang='lat' dir='ltr'><strong>ronrsn.</strong></span> 
     </span>
    </p>

    <p class='ocr_par' dir='ltr' id='par_1_9' title="bbox 105 3759 1123 3848">
     <span class='ocr_line' id='line_1_41' title="bbox 105 3759 1123 3848; baseline -0.005 -22"><span class='ocrx_word' id='word_1_302' title='bbox 105 3759 316 3848; x_wconf 49' lang='lat' dir='ltr'><strong>Pagasai.</strong></span> <span class='ocrx_word' id='word_1_303' title='bbox 337 3765 496 3826; x_wconf 81' lang='lat' dir='ltr'><strong>viscere</strong></span> <span class='ocrx_word' id='word_1_304' title='bbox 517 3765 800 3826; x_wconf 80' lang='lat' dir='ltr'><strong>obduruerunt.</strong></span> <span class='ocrx_word' id='word_1_305' title='bbox 841 3759 974 3826; x_wconf 80' lang='lat' dir='ltr'><strong>Pulchra</strong></span> <span class='ocrx_word' id='word_1_306' title='bbox 990 3759 1123 3843; x_wconf 78' lang='lat' dir='ltr'><strong>ampliti-</strong></span> 
     </span>
    </p>
   </div>
   <div class='ocr_carea' id='block_1_3' title="bbox 23 3847 1255 3928">
    <p class='ocr_par' dir='ltr' id='par_1_10' title="bbox 23 3847 1255 3928">
     <span class='ocr_line' id='line_1_42' title="bbox 23 3847 1255 3928; baseline 0 -24"><span class='ocrx_word' id='word_1_307' title='bbox 23 3849 103 3909; x_wconf 87' lang='lat' dir='ltr'><strong>catio</strong></span> <span class='ocrx_word' id='word_1_308' title='bbox 125 3847 184 3910; x_wconf 85' lang='lat' dir='ltr'><strong>lilri</strong></span> <span class='ocrx_word' id='word_1_309' title='bbox 211 3849 244 3909; x_wconf 91' lang='lat' dir='ltr'><strong>in</strong></span> <span class='ocrx_word' id='word_1_310' title='bbox 267 3867 357 3908; x_wconf 90' lang='lat' dir='ltr'><strong>causa</strong></span> <span class='ocrx_word' id='word_1_311' title='bbox 378 3847 492 3910; x_wconf 85' lang='lat' dir='ltr'><strong>matris.</strong></span> <span class='ocrx_word' id='word_1_312' title='bbox 531 3847 574 3909; x_wconf 89' lang='lat' dir='ltr'><strong>Et</strong></span> <span class='ocrx_word' id='word_1_313' title='bbox 598 3849 727 3908; x_wconf 83' lang='lat' dir='ltr'><strong>miratur</strong></span> <span class='ocrx_word' id='word_1_314' title='bbox 748 3848 820 3908; x_wconf 83' lang='lat' dir='ltr'><strong>satis</strong></span> <span class='ocrx_word' id='word_1_315' title='bbox 840 3856 964 3928; x_wconf 73' lang='lat' dir='ltr'><strong>aegane,</strong></span> <span class='ocrx_word' id='word_1_316' title='bbox 992 3863 1122 3926; x_wconf 87' lang='lat' dir='ltr'><strong>quomo-</strong></span> <span class='ocrx_word' id='word_1_317' title='bbox 1251 3851 1255 3860; x_wconf 89' lang='lat'>&#39;</span> 
     </span>
    </p>
   </div>
   <div class='ocr_carea' id='block_1_4' title="bbox 23 3925 1126 4344">
    <p class='ocr_par' dir='ltr' id='par_1_11' title="bbox 23 3925 1126 4344">
     <span class='ocr_line' id='line_1_43' title="bbox 23 3925 1121 4014; baseline 0 -26"><span class='ocrx_word' id='word_1_318' title='bbox 23 3925 63 3988; x_wconf 84' lang='lat' dir='ltr'><strong>clo</strong></span> <span class='ocrx_word' id='word_1_319' title='bbox 74 3977 84 4008; x_wconf 87' lang='lat'><strong>,</strong></span> <span class='ocrx_word' id='word_1_320' title='bbox 111 3934 170 4014; x_wconf 89' lang='lat' dir='ltr'><strong>qui</strong></span> <span class='ocrx_word' id='word_1_321' title='bbox 197 3928 337 4014; x_wconf 82' lang='lat' dir='ltr'><strong>quotidie</strong></span> <span class='ocrx_word' id='word_1_322' title='bbox 357 3929 491 3990; x_wconf 87' lang='lat' dir='ltr'><strong>humana</strong></span> <span class='ocrx_word' id='word_1_323' title='bbox 511 3930 627 3990; x_wconf 78' lang='lat' dir='ltr'><strong>viscera</strong></span> <span class='ocrx_word' id='word_1_324' title='bbox 647 3929 862 4006; x_wconf 76' lang='lat' dir='ltr'><strong>comederunt,</strong></span> <span class='ocrx_word' id='word_1_325' title='bbox 882 3937 944 3988; x_wconf 86' lang='lat' dir='ltr'><strong>tam</strong></span> <span class='ocrx_word' id='word_1_326' title='bbox 964 3927 1050 3989; x_wconf 81' lang='lat' dir='ltr'><strong>duris</strong></span> <span class='ocrx_word' id='word_1_327' title='bbox 1068 3947 1121 4010; x_wconf 87' lang='lat' dir='ltr'><strong>po·</strong></span> 
     </span>
     <span class='ocr_line' id='line_1_44' title="bbox 23 4011 1123 4094; baseline 0.001 -24"><span class='ocrx_word' id='word_1_328' title='bbox 23 4017 139 4076; x_wconf 85' lang='lat' dir='ltr'><strong>tuerint</strong></span> <span class='ocrx_word' id='word_1_329' title='bbox 162 4033 233 4076; x_wconf 85' lang='lat' dir='ltr'><strong>esse</strong></span> <span class='ocrx_word' id='word_1_330' title='bbox 252 4012 435 4074; x_wconf 77' lang='lat' dir='ltr'><strong>visceribus:</strong></span> <span class='ocrx_word' id='word_1_331' title='bbox 466 4012 615 4094; x_wconf 84' lang='lat' dir='ltr'><strong>siquidem</strong></span> <span class='ocrx_word' id='word_1_332' title='bbox 643 4014 727 4073; x_wconf 93' lang='lat' dir='ltr'><strong>omni</strong></span> <span class='ocrx_word' id='word_1_333' title='bbox 746 4033 835 4074; x_wconf 86' lang='lat' dir='ltr'><strong>sensu</strong></span> <span class='ocrx_word' id='word_1_334' title='bbox 856 4011 1051 4074; x_wconf 79' lang='lat' dir='ltr'><strong>humanitatis</strong></span> <span class='ocrx_word' id='word_1_335' title='bbox 1070 4029 1123 4072; x_wconf 80' lang='lat' dir='ltr'><strong>ca·</strong></span> 
     </span>
     <span class='ocr_line' id='line_1_45' title="bbox 23 4091 1122 4180; baseline -0.003 -21"><span class='ocrx_word' id='word_1_336' title='bbox 23 4108 145 4176; x_wconf 72' lang='lat' dir='ltr'><strong>serent,</strong></span> <span class='ocrx_word' id='word_1_337' title='bbox 178 4107 213 4158; x_wconf 87' lang='lat' dir='ltr'><strong>et</strong></span> <span class='ocrx_word' id='word_1_338' title='bbox 241 4096 274 4158; x_wconf 90' lang='lat' dir='ltr'><strong>io</strong></span> <span class='ocrx_word' id='word_1_339' title='bbox 306 4095 402 4180; x_wconf 75' lang='lat' dir='ltr'><strong>ligura</strong></span> <span class='ocrx_word' id='word_1_340' title='bbox 423 4093 556 4160; x_wconf 73' lang='lat' dir='ltr'><strong>humana</strong></span> <span class='ocrx_word' id='word_1_341' title='bbox 583 4091 754 4157; x_wconf 78' lang='lat' dir='ltr'><strong>belluamm</strong></span> <span class='ocrx_word' id='word_1_342' title='bbox 782 4094 940 4158; x_wconf 86' lang='lat' dir='ltr'><strong>saevitiem</strong></span> <span class='ocrx_word' id='word_1_343' title='bbox 966 4093 1122 4156; x_wconf 64' lang='lat' dir='ltr'><strong>muren-</strong></span> 
     </span>
     <span class='ocr_line' id='line_1_46' title="bbox 23 4185 1126 4344; baseline -0.003 -17"><span class='ocrx_word' id='word_1_344' title='bbox 23 4185 80 4244; x_wconf 45' lang='grc' dir='ltr'><strong>ω·</strong></span> <span class='ocrx_word' id='word_1_345' title='bbox 102 4198 291 4344; x_wconf 38' lang='grc' dir='ltr'><strong>ῗῑέιζοιι,</strong></span> <span class='ocrx_word' id='word_1_346' title='bbox 307 4259 354 4330; x_wconf 78' lang='grc'><strong>18.</strong></span> <span class='ocrx_word' id='word_1_347' title='bbox 399 4261 633 4326; x_wconf 71' lang='lat' dir='ltr'><strong>Theodosia</strong></span> <span class='ocrx_word' id='word_1_348' title='bbox 665 4283 717 4326; x_wconf 74' lang='lat' dir='ltr'><strong>ee</strong></span> <span class='ocrx_word' id='word_1_349' title='bbox 733 4296 736 4305; x_wconf 94' lang='lat'><em>·</em></span> <span class='ocrx_word' id='word_1_350' title='bbox 752 4259 963 4327; x_wconf 79' lang='lat' dir='ltr'><strong>Theodora</strong></span> <span class='ocrx_word' id='word_1_351' title='bbox 993 4257 1126 4324; x_wconf 70' lang='lat' dir='ltr'><strong>dietas</strong></span> 
     </span>
    </p>
   </div>
   <div class='ocr_carea' id='block_1_5' title="bbox 0 0 1476 4934">
    <p class='ocr_par' dir='ltr' id='par_1_12' title="bbox 0 0 1476 4934">
     <span class='ocr_line' id='line_1_47' title="bbox 0 0 1476 4934; baseline 0 7"><span class='ocrx_word' id='word_1_352' title='bbox 0 0 1476 4934; x_wconf 95' lang='lat' dir='ltr'><strong> </strong></span> 
     </span>
    </p>
   </div>
  </div>
 </body>
</html>
