2874 4944
305 333 361 398 ιιι
395 333 675 400 senescemus
708 339 782 400 un.
813 341 853 400 11.
1040 311 1122 412 461

54 493 177 556 coniecti
197 505 292 555 erunt
311 493 447 556 omnium
481 493 587 574 oculi,
623 491 723 574 qttod‘
738 513 789 555 eos
810 495 844 555 in
872 494 939 575 lege
958 493 1141 559 Illabome·x

54 591 123 637 tana
147 577 321 638 institueret
351 597 391 638 ac
401 577 581 657 facultates
608 579 765 658 ceteroqui
787 577 1000 660 amplissimas
1026 580 1120 662 possi-

52 659 139 724 deret.
182 657 292 720 Etiam
312 657 462 720 Sultanus
480 659 556 742 ipse,
578 678 667 740 quem
684 658 845 740 diximus,
871 660 1028 722 Aladines
1049 663 1123 746 plu·

51 743 153 802 nimum
179 743 209 802 ei
230 743 397 806 tribuebat.
438 741 534 804 Hune
561 742 615 804 ubi
643 745 839 803 convenisset
866 741 1054 819 Etrucules,
1088 758 1123 807 ut

49 825 194 885 somnium
214 824 267 884 illi
282 847 370 886 suum
392 837 575 910 exponeret,
590 824 780 885 Venerande
797 829 865 898 uir,
879 827 942 898 ait,
953 845 1015 908 per
1033 829 1122 910 quie·

47 919 102 966 tem
121 909 205 968 uisus
230 927 297 968 sum
317 907 427 969 uidere
449 906 645 992 splendorem
665 907 761 968 lunae
802 907 986 970 redeuntem
1007 929 1025 969 e
1049 911 1122 972 sinu

47 999 107 1060 tuo,
131 993 186 1070 qui
206 1011 307 1052 meum
335 992 369 1052 in
387 993 490 1053 sinum
515 1000 709 1076 penetraret.
781 1011 801 1052 o
828 1011 898 1051 cum
925 987 1052 1054 deleme
1076 1013 1121 1054 es·
1158 999 1171 1010 ’”
1239 989 1241 998 ’

45 1084 95 1143 set,
117 1092 160 1134 eu
180 1074 329 1136 umbilico
357 1093 425 1136 meo
451 1093 530 1136 mox
554 1087 687 1135 enatam
709 1071 810 1158 fuisse
839 1073 1012 1148 arborem,
1037 1096 1120 1160 quae

44 1155 175 1232 regiones
216 1156 342 1240 aliquot
380 1177 420 1220 ac
453 1157 621 1240 praealtae
657 1168 776 1219 montes
810 1156 953 1240 latosque
989 1177 1119 1241 campos

42 1238 148 1299 umbra
170 1259 231 1300 sua
248 1252 375 1320 tegeret.
415 1238 472 1299 Ad
488 1240 573 1322 ipsas
588 1251 694 1302 autem
716 1234 843 1301 radices
859 1241 991 1304 arboris
1002 1262 1118 1324 peren·

41 1341 88 1378 nes
111 1341 215 1402 aquas
238 1343 417 1399 emanasse,
443 1323 553 1409 quibus
572 1325 687 1384 uineae
705 1325 828 1407 passim
848 1325 984 1398 elberti
1003 1327 1118 1406 irriga-

40 1415 164 1465 rentur:
194 1425 237 1471 ac
258 1406 429 1470 secundum
460 1407 540 1467 bace
567 1419 769 1487 experrectus
789 1403 856 1488 sui.
904 1407 1118 1490 Posteaquam

39 1484 90 1544 diu
106 1487 300 1572 multumque
321 1501 420 1552 semet¹
438 1485 607 1567 Edebales,
631 1490 686 1572 qui
708 1507 732 1550 a
756 1491 821 1548 suis
838 1489 893 1549 uir
910 1501 1037 1552 sanctus
1057 1492 1117 1554 lta·

36 1560 182 1645 bebatur,
205 1571 246 1634 ob
269 1572 562 1656 interpretationem
580 1571 696 1634 somnii
715 1573 865 1651 torsisset,
885 1569 1017 1636 tandem
1038 1593 1117 1637 ora-

34 1653 112 1712 tione
132 1652 185 1715 ad
203 1655 388 1719 Etmculem
408 1675 587 1736 conuersa,
609 1653 768 1717 Nascetur
793 1655 852 1718 tibi
871 1651 982 1740 filius,
1001 1656 1115 1742 inquit,

34 1736 81 1793 vir
101 1739 232 1818 optime,
260 1740 313 1799 cui
335 1757 449 1801 nomen
471 1739 532 1800 erit
557 1737 689 1800 Osman.
728 1735 762 1800 Is
779 1737 865 1799 bella
888 1738 1032 1821 pluripsa
1059 1759 1116 1821 ge-

32 1830 99 1894 ret,
132 1839 175 1882 ac
193 1822 317 1904 posteri
349 1822 396 1882 tui
415 1819 563 1905 deinceps
592 1841 679 1902 reges
711 1833 926 1905 terrarumque
955 1824 1115 1906 principes

32 1913 124 1968 erunt.
167 1905 248 1966 Mea
291 1923 389 1990 noque
400 1903 487 1987 filia
506 1916 649 1988 nuptura
664 1901 867 1978 moimarii,
889 1923 933 1966 en
952 1924 1018 1989 qua
1037 1925 1116 1990 pre-

30 1985 145 2048 cneabit
165 1987 225 2047 ille
244 1925 386 2064 liberos,
410 1987 466 2071 qui
492 1985 541 2049 ad
564 1986 753 2067 dignitatem
776 1988 898 2068 regiam
928 1990 1115 2070 pervenient

29 2085 65 2126 oc
81 2087 124 2150 po
182 2071 211 2131 is
237 2089 309 2134 etun
335 2069 468 2156 imperio
494 2082 679 2152 praeerunt.
723 2067 904 2132 Secundum
930 2069 992 2133 illa
1019 2081 1115 2134 natus

15 2151 81 2228 suit
133 2173 242 2228 eman,
263 2154 408 2238 quicum
430 2150 631 2230 adolevisset,
654 2150 880 2216 Mabontetani
895 2152 986 2216 illius
1034 2153 1113 2216 lt'stm

26 2231 117 2297 luxit
140 2257 294 2310 mrem,
316 2234 357 2298 de
382 2255 448 2320 qua
471 2245 638 2298 natusest
669 2236 699 2296 ei
714 2235 810 2320 filius
843 2233 974 2299 Ureban
1020 2258 1115 2320 quens

25 2317 200 2381 Oschnnem
232 2329 338 2382 nostre
366 2317 492 2382 historin
511 2321 636 2398 noent).
678 2319 813 2404 &mque
837 2317 958 2382 Osman
978 2321 1113 2403 prousis-

22 2401 74 2460 ciic
91 2403 222 2490 aliauot
246 2401 410 2546 cccspmis
428 2403 644 2488 principatum
665 2403 725 2478 sibi
745 2403 963 2481 constituisset,
982 2415 1112 2486 partem

23 2481 177 2548 ditionum
200 2489 287 2548 inter
331 2504 401 2547 uces
427 2486 604 2563 militares,
651 2488 686 2546 ui
704 2505 746 2547 ea
765 2486 799 2545 in
821 2484 897 2548 loca
925 2507 993 2550 cun
1012 2485 1111 2548 Etru·

19 2567 83 2628 cnle
95 2584 198 2652 patre
220 2580 393 2641 venerant,
425 2569 596 2632 bbemliter
653 2567 804 2630 'stribuite
837 2587 862 2628 a
891 2569 1001 2652 quibus
1028 2569 1109 2630 illae

18 2649 345 2820 rigionsslltoglileque
369 2654 499 2792 nomina
513 2670 589 2750 'sua
612 2651 747 2795 sargae
778 2663 860 2793 :sm
901 2649 1019 2797 l'fflbm
1045 2651 1111 2713 Ur·

17 2751 110 2796 eant
175 2757 210 2798 to
282 2753 521 2810 tuncuam,cut
539 2754 650 2796 nomen
707 2753 771 2794 esar
804 2751 961 2814 augagte
992 2753 1114 2816 cogno·

15 2835 80 2880 rnen
106 2823 261 2900 inunge,
293 2813 603 2884 consentiemus.

93 2901 334 2984 Pag.557‚1e.
354 2890 412 2962 nir
432 2902 478 2964 M.
499 2920 556 2981 pro
574 2894 629 2962 nol
652 2897 684 2962 sl
705 2910 735 2962 et
755 2898 810 2962 lin.
833 2921 881 2984 ¹9·
902 2894 1058 2987 dccxcii„

91 2981 334 3070 Pag.557‚2l.
356 2981 453 3048 loca
484 2984 704 3050 coniicere.
745 2983 794 3046 De
824 2983 934 3046 idoneo
957 2981 1027 3047 loco
1053 2983 1110 3047 eli-

11 3067 118 3148 gendo·
141 3069 298 3151 vegetius
322 3063 394 3128 libr.
414 3067 444 3128 3.
474 3087 542 3150 esp.
569 3067 618 3129 ιδ.
673 3067 815 3145 ,,Βοιιιιιιι
838 3066 946 3130 dinem
967 3071 1111 3132 convenit
1188 3091 1192 3101 ·

9 3171 105 3230 nosse,
132 3171 286 3235 magnam
307 3159 423 3232 partem
451 3151 595 3212 victoriae
612 3151 712 3232 ipsum
734 3148 853 3228 locum,
876 3153 909 3212 in
934 3171 997 3234 quo
1019 3150 1111 3214 dimi·

8 3238 141 3298 candum
159 3247 225 3314 est,
244 3233 408 3378 possidere.
449 3234 583 3298 Elabors
599 3255 680 3316 ergo,
702 3243 738 3294 ut
758 3245 954 3298 consentusns
970 3255 1107 3310 menum,

6 3323 146 3400 primum
168 3319 323 3381 auxiium
346 3327 446 3400 captes
473 3339 507 3378 ex
535 3317 612 3391 loeo,
638 3317 690 3400 qui
711 3327 798 3378 tento
815 3317 920 3380 utilior
943 3317 1108 3400 iudicatus,

5 3415 123 3484 quanto
156 3425 196 3466 eu
224 3404 305 3462 erior
326 3401 417 3462 suerit
449 3411 623 3484 occupante.
666 3402 704 3462 ln
727 3399 878 3464 subiectos
910 3403 992 3464 enim
1014 3401 1110 3464 vehe-

5 3491 142 3550 mentius
158 3423 229 3548 tell
254 3483 439 3546 descendunt
461 3496 492 3545 et
507 3486 621 3546 maiore
641 3485 757 3567 impetu
790 3485 959 3548 obnitentes
977 3505 1049 3568 pers
1062 3485 1109 3548 nl-

1 3573 64 3634 tior
84 3571 194 3654 pellit.
243 3569 305 3646 Qui
326 3567 452 3629 adverso
479 3570 589 3629 nititur
608 3567 710 3644 clivo,
744 3568 854 3651 duplex
872 3569 953 3630 subit
986 3577 1109 3630 etcum

20 3682 26 3705 ·
57 3686 64 3709 .
97 3665 131 3716 et
157 3671 236 3715 cnm
256 3651 342 3712 hoste
360 3661 522 3713 certamen.
564 3651 623 3712 Sed
644 3650 698 3714 illa
729 3649 872 3714 distantis
891 3664 954 3733 est,
974 3651 1059 3733 quod
1082 3652 1110 3714 si

5 3761 38 3799 ιιι
75 3735 248 3822 peditibus
271 3735 332 3796 tuis
357 3734 515 3797 vinariam
547 3755 649 3816 speras
674 3745 781 3796 contin
812 3737 927 3817 equites
960 3732 1107 3806 hostium,
1210 3800 1213 3808 ,

10 3841 67 3884 oen
93 3839 228 3904 aspere,
250 3815 434 3898 inaequalis,
455 3822 616 3880 montuosa
631 3815 722 3877 debes
749 3818 874 3898 eligere..
909 3813 1040 3878 Sinera
1068 3813 1109 3878 de

2 3905 165 3967 mitibus
186 3903 251 3964 tuis
276 3909 382 3962 contre
403 3901 566 3963 adversarii
585 3897 702 3982 pedites
719 3900 878 3960 victoriam
892 3901 1034 3982 quaeris,
1059 3917 1108 3958 ss-

1 4020 6 4039 ·
38 3987 178 4050 idebes
204 3982 299 4065 peulo
315 3983 439 4063 quidem
458 3979 1107 4067 edisiorsloen‚sedptnnascpnte1tis,

2 4093 101 4159 eque
124 4067 256 4154 sylvis,
277 4085 375 4148 neque
395 4065 557 4148 paludibus
578 4063 751 4146 impedita!
770 4083 904 4136 tontes.

85 4155 178 4236 Peg.
194 4149 270 4225 358,
286 4151 331 4214 ιδ.
354 4146 482 4231 ἆιιισθῇ
503 4151 547 4210 Μ.
569 4169 631 4231 mg.
959 4181 963 4188 -

83 4237 177 4318 Pap.
192 4231 305 4317 359‚5.
327 4226 529 4317 teutsinus
557 4233 604 4296 Μ.
625 4249 689 4316 ng.
