2948 4932
336 329 391 392 su
422 267 699 414 crurscuzsm
731 329 804 392 un.
825 332 850 390 t.
1046 299 1133 402 tufi

68 477 154 561 isaie
170 479 414 562 περιοχῆς-τούς
435 480 695 563 composuimus.
734 479 818 564 Ergo
853 501 873 542 a
891 483 1031 544 missione
1057 493 1138 544 cate·

66 566 278 628 churnenorum
299 570 389 628 missa
409 566 469 627 dici
489 577 592 648 coepte
613 577 665 628 est.
691 583 822 630 nosris.
1140 613 1146 628 .

145 640 367 732 Pa32197,11.
388 651 488 710 uelis
511 651 651 712 scricis
674 649 820 710 rubris.
848 645 1054 728 Curopalatar
1085 643 1140 708 uui

64 727 208 792 ἐνδύουσι
231 727 350 813 ταύτην
369 725 523 793 πάντοθεν
539 725 593 792 dcci
613 729 748 809 βλατίων
770 729 940 810 iunipiris,
969 751 1059 815 quam
1083 753 1138 792 urr-

64 813 213 898 dequaque
234 815 360 876 induruit
380 816 501 876 bracteis
521 816 627 880 rubris.
668 813 751 892 Quid
771 813 829 876 sihi
851 811 972 876 nomine
1000 813 1138 876 bracteo-

65 917 133 958 rum
152 895 244 970 velit,
269 897 353 960 haud
373 919 522 982 assequor.
543 918 672 963 corros.

144 977 221 1062 Pog.
236 1000 476 1078 192‚17.qaae
490 982 603 1065 prius
622 993 841 1042 coronatae.
864 979 1055 1063 Imperatoris
1072 998 1137 1040 ma-

64 1072 112 1124 ter
130 1061 186 1124 fert
212 1057 248 1124 sd
277 1065 390 1144 εαυτῆς
417 1064 560 1140 στέμμα,
606 1085 690 1125 suam
720 1083 862 1124 coronam
892 1065 1137 1146 imperatoriam
1166 1085 1177 1100 ¹

62 1167 142 1208 nova
162 1157 262 1209 autem
284 1149 387 1230 ragina
406 1149 540 1210 nondum
561 1158 703 1208 coronata
720 1158 833 1209 sertum
853 1158 968 1230 gestet,
992 1145 1138 1228 φοροῦσα

65 1227 241 1310 στέφανον,
263 1243 298 1292 ut
318 1231 410 1294 habet
431 1230 622 1313 europalate.
652 1230 743 1312 cogit
760 1234 873 1312 quippe
884 1231 1037 1292 'sententia
1058 1231 1136 1311 ipso,

66 1309 118 1376 hic
147 1313 225 1373 inter
251 1313 376 1392 στέμμα
396 1327 426 1377 et
446 1313 603 1397 στέφανον
632 1313 790 1376 discrimen
816 1313 920 1376 iacere.
960 1313 1137 1396 Numquae

65 1415 173 1456 corona
198 1396 384 1478 insignienda
411 1409 497 1470 erat,
524 1419 611 1474 com,
634 1409 795 1482 antequam
814 1406 1028 1474 coronaretur,
1059 1397 1146 1462 serre,

65 1481 168 1560 utique
188 1500 250 1540 non
271 1493 551 1562 poterat..rosrsn.
677 1485 681 1492 '
1007 1551 1012 1560 ,

142 1563 220 1644 Pag.
235 1583 303 1647 197,
321 1585 367 1648 ¹9·
385 1566 552 1628 divinus
579 1564 751 1646 trisagii
771 1565 937 1644 dymnus.
962 1561 1061 1641 Quem
1080 1581 1136 1623 nos

61 1643 97 1704 in
114 1645 200 1706 missa
220 1657 323 1710 nostra
339 1645 675 1730 mucuuoppeilamuss
696 1646 860 1730 quodcum
878 1647 968 1716 tertio
982 1645 1134 1718 recitetur,

61 1737 245 1802 cautetnrve,
258 1729 521 1812 (quemadmodum
538 1732 577 1792 ab
590 1729 702 1813 angelis
719 1735 753 1792 in
764 1729 849 1794 coelo
860 1729 973 1791 iactum
988 1728 1136 1809 propheta

60 1809 152 1870 isaias
170 1811 307 1890 andivit‚)
317 1815 349 1876 in
364 1814 510 1878 honorem
521 1818 614 1883 trium
629 1816 881 1876 sanctissimorum
892 1813 1056 1888 divinitatis
1066 1831 1136 1892 per·

56 1911 199 1956 sonarum
213 1940 221 1968 ,
236 1899 342 1959 merito
365 1891 463 1974 ὕμνος
481 1899 644 1976 τριοαγίου
657 1943 666 1968 ,
681 1899 808 1976 dymruss
823 1912 869 1958 ter
883 1897 989 1971 suncti,
1010 1895 1135 1954 dicitur.

59 1976 99 2035 ln
125 1974 252 2060 liturgiis
277 1981 417 2042 divorum
439 1980 540 2042 Basilii
563 1991 592 2042 et
620 1979 823 2062 chrysostomi
843 1973 878 2040 τὸ
897 1971 1085 2058 procudendi·
1105 1987 1137 2038 et

56 2049 155 2136 ὕμνος
163 2057 351 2142 χεροοβικὸς
371 2074 507 2131 vocatur.
526 2065 583 2125 Est
597 2073 627 2124 ct
644 2061 727 2126 aliud
747 2053 1065 2142 rotoriycovsivealius
1077 2059 1148 2143 hy:

56 2161 146 2202 mnus
153 2138 320 2224 τρισάγιος,
332 2167 439 2230 nempe
455 2147 505 2208 hio
527 2140 616 2225 ἅγιος
633 2141 650 2208 ὅ
670 2143 757 2222 θεὸς,
770 2137 856 2224 ἅγιος
876 2137 1025 2224 ἰσχυρὸς,
1047 2135 1135 2224 ἅγιος

58 2221 232 2303 α’θάνατος,
255 2227 383 2310 ἐλέησον
402 2227 507 2313 ἡμᾶς,
529 2229 568 2292 de
587 2253 648 2312 quo
668 2229 856 2312 Nicephorus
870 2225 924 2288 lib.
939 2223 987 2306 16.
1008 2247 1072 2308 cap.
1084 2225 1134 2304 46.

58 2327 95 2370 oc
116 2307 154 2369 de
174 2309 231 2372 hoc
251 2310 377 2376 forsitan
396 2314 492 2376 verbe
511 2316 642 2376 auctoris
660 2313 831 2394 accipienda
853 2322 933 2372 sunt.
954 2327 1087 2372 rosrsu.

139 2389 607 2480 Pag.197‚19.amsonem.
647 2397 819 2458 Ambonem
844 2394 970 2475 quidam
1000 2392 1136 2454 eruditus
1218 2443 1221 2450 .

56 2483 146 2554 putat
165 2475 255 2538 inisse
270 2481 458 2560 portimiseu,
491 2481 523 2543 id
544 2492 588 2542 est
614 2479 719 2563 templi
740 2491 857 2561 partem
878 2477 1010 2552 editam,
1031 2475 1135 2557 quales

54 2554 205 2622 columnis
224 2559 364 2626 suffultae
398 2577 451 2626 aut
488 2566 652 2646 parietibus
673 2565 800 2642 affixae,
828 2559 878 2622 vel
908 2562 939 2622 in
971 2557 1134 2641 adytorum

53 2641 206 2703 vestibulo
225 2644 256 2704 in
278 2644 374 2708 altum
394 2659 569 2724 exstructae,
584 2646 759 2708 hominibus
771 2643 948 2725 recipiendis
968 2641 998 2701 in
1015 2641 1135 2724 templis

52 2723 204 2788 visuntur.
226 2728 327 2790 Maius
348 2731 463 2812 igitur,
485 2730 605 2812 longius
627 2741 657 2790 et
677 2728 766 2790 latius
787 2725 932 2809 quiddam
953 2725 1020 2800 erit,
1043 2745 1135 2806 quam

49 2819 220 2888 suggestus.
262 2813 378 2874 Verum
404 2815 517 2896 optimc
546 2812 725 2876 describitur
745 2810 785 2872 ab
805 2805 990 2890 Onuphrio,
1019 2805 1147 2886 libello„

49 2910 117 2970 quo
138 2912 226 2956 voces
252 2895 397 2976 quasdam
421 2896 634 2960 ecclesiasticas
662 2896 804 2957 obscuras
830 2897 1043 2972 interpretatus
1077 2902 1133 2953 est.

46 2972 164 3048 Ambo,
185 2978 297 3060 inquit,
316 2979 426 3040 dr'citur
445 2993 597 3063 suggestus,
618 3001 668 3040 serr
687 2979 836 3062 pulpitum
859 2984 1067 3048 marmoreum,
1092 2995 1135 3036 ια·

45 3077 111 3140 quo
140 3057 233 3120 lector
253 3084 303 3124 seu
336 3063 476 3126 ducam
500 3065 653 3125 hettonem
684 3083 735 3122 seu
762 3057 951 3140 euarrgciium
980 3055 1133 3117 recitabat.

48 3139 139 3222 (Μ
159 3144 263 3204 multos
284 3159 314 3208 et
339 3167 461 3228 magicos
486 3161 522 3210 et
539 3145 750 3231 pulcherrimis
770 3141 876 3204 ubido
893 3140 1065 3200 marmor-esi
1083 3159 1146 3199 or-.

43 3235 137 3282 natos
152 3245 211 3306 per
230 3227 311 3292 urbis
331 3231 483 3308 ecclessiis,
511 3243 541 3292 et
555 3230 732 3314 pracsertim
749 3225 833 3312 opud
851 3237 981 3284 sartorum
1000 3221 1134 3282 Paulum

42 3305 201 3368 videnum:
227 3333 312 3393 quem
325 3313 421 3374 locum
440 3315 608 3398 (iypnituus
622 3313 698 3372 libro
718 3311 745 3373 3.
762 3311 845 3393 epist.
867 3303 897 3367 5.
911 3305 1031 3370 macris
1046 3325 1135 3367 curua
1186 3355 1189 3360 .

40 3387 183 3450 tribunal
197 3393 348 3476 quoddam
366 3397 503 3458 ecclesiae
520 3397 695 3481 appellavit.
719 3393 768 3455 At
781 3387 938 3454 rutundo
954 3389 1064 3452 dicmur
1077 3410 1135 3450 uo-

40 3471 125 3543 lunt,
141 3475 224 3558 quod
244 3476 323 3538 locus
340 3479 392 3538 ille
412 3483 557 3566 turiusque
577 3479 717 3562 gradibus
732 3477 891 3540 ambiatur.
914 3471 998 3534 Nom
1017 3473 1052 3532 iu
1066 3473 1133 3556 qui-

38 3553 174 3619 busdam
184 3559 310 3624 ecclesiis
323 3559 382 3622 duo
397 3563 549 3642 gradum
567 3563 685 3624 ordines
698 3564 853 3634 visuntur,
874 3577 947 3620 uuus
961 3577 982 3618 α
997 3555 1133 3630 sim'stris,

39 3637 164 3721 quofit
186 3663 318 3704 ascensius
346 3666 448 3706 vernus
467 3649 631 3720 orientem,
648 3647 725 3704 alter
749 3667 769 3706 a
799 3643 926 3714 dextris,
954 3639 1135 3700 occideruem

37 3733 194 3803 spectans,
216 3746 273 3808 quo
284 3725 332 3811 stt
349 3727 508 3794 descensus.
550 3728 591 3789 Iu
618 3726 793 3810 credndum
811 3745 885 3788 vero
911 3721 981 3781 aliis
1007 3720 1135 3782 ecclesiis

36 3803 192 3867 diaconus
203 3830 272 3886 uua,
295 3809 489 3872 subdiaconus
504 3811 600 3871 altera
612 3812 645 3869 in
660 3809 806 3892 pulpitum
829 3829 878 3868 seu
892 3803 1045 3866 umbonem
1064 3822 1135 3862 cou-

34 3887 172 3952 scendit.
214 3889 272 3954 Est
291 3913 364 3974 ergo
394 3913 452 3953 vox
480 3893 595 3954 Graeca
616 3881 739 3968 ἄμβων,
766 3880 924 3966 ἄμβωνας,
955 3907 1034 3968 quac
1058 3883 1136 3944 inter

35 3979 146 4032 cetera
160 3972 306 4054 significat
319 3989 517 4044 escensumet
527 3973 628 4036 locum
650 3973 766 4034 editum
781 4015 790 4047 ,
806 3969 930 4032 sverbo
949 3966 1110 4043 ἀναβαίνω
1125 4010 1134 4045 ,

38 4053 133 4134 quod
151 4067 196 4118 est
208 4057 348 4122 ascendo.
383 4057 509 4140 Cap.r5.
522 4055 643 4118 concilii
653 4054 855 4122 Laodicensis,
865 4049 947 4132 quod
955 4053 1068 4130 Graece
1078 4060 1133 4124 est,

36 4135 105 4196 τῶν
130 4133 187 4198 ἐπὶ
204 4135 259 4199 τὸν
277 4130 409 4218 duriora
428 4135 683 4222 ἀναβαινόντων,
712 4139 819 4202 Latine
840 4135 966 4220 legitur,
996 4135 1050 4219 qui
1063 4133 1132 4220 pul·

31 4221 140 4304 ptumi
164 4223 334 4288 eunucu.
357 4245 484 4292 scurra.
