2874 4944
356 276 443 380 418
737 301 1049 372 innormans
1422 359 1423 418 ,

353 469 417 537 tur,
440 457 540 520 senior
560 458 624 521 eins
644 455 753 522 faeiem
773 456 1017 520 deoeulabarur.
1059 455 1107 518 Ita
1127 455 1209 518 enim
1225 455 1392 518 aouantGrae-
1422 479 1423 498 ¹

353 563 409 604 ca:
434 544 489 604 etsi
511 543 660 624 Gregoras
672 543 767 623 dicat,
786 541 892 604 ambos
911 545 990 602 inter
1005 561 1037 601 se
1050 535 1181 601 oseulari
1202 537 1321 602 solitos:
1340 540 1393 600 iden·
1422 537 1423 548 ¹

354 646 415 707 que
437 624 476 686 de
498 627 602 688 osculo
620 625 705 708 pedis
719 627 873 706 meminit,
890 624 942 684 nbi
957 636 1059 686 tamen
1080 633 1196 700 noster,
1218 625 1296 684 sieut
1313 623 1393 682 dedu·
1422 653 1423 670 κ

353 719 430 784 tera,
452 707 544 770 habet
557 707 838 788 περιπτύσσεσθαι.
878 706 938 768 Sed
960 705 1098 768 osculum
1110 705 1394 787 subaudiendumputo

352 792 526 874 utrobique.
571 791 677 937 ltague
696 792 812 870 addidi,
834 812 896 874 quo
915 811 965 852 rea
986 789 1072 852 fieret
1093 787 1214 852 clarior.
1239 808 1353 854 aaran.
1422 807 1423 880 4

436 874 515 956 Pag.
532 873 602 954 168,
639 871 769 936 ,πλείω
791 877 834 937 Μ.
1422 881 1423 884 ’

438 957 515 1040 Peg.
530 957 599 1032 168,
614 979 664 1024 20.
687 955 958 1040 Hodegetriae
977 909 1174 1042 templum.
1213 953 1396 1018 Fuitcoour
1422 921 1423 928 i

353 1033 1397 1204 iffiaiiiiis'iiotrimit“ipiiibiimaiii'hiiiii'hii
1422 1039 1423 1078 Ν

353 1170 559 1282 eeleheirima,
582 1229 661 1290 quae
681 1168 811 1290 Deipard
831 1207 943 1268 ideireo
967 1145 1049 1268 dicia
1069 1201 1255 1286 ὅδηγήτρια,
1276 1225 1333 1266 non
1347 1203 1397 1288 quod

353 1292 473 1357 viarum
495 1291 555 1353 dux
578 1301 678 1370 esset,
703 1313 756 1353 seu
777 1290 944 1354 viatoribus
967 1299 1138 1373 praeesset:
1174 1289 1230 1350 sed
1254 1289 1398 1364 aioeo,ir

353 1395 414 1455 quo
436 1376 500 1436 eiua
519 1375 594 1436 haee
615 1376 714 1458 imago
734 1375 919 1441 servabatur.
961 1373 1012 1435 Ad
1031 1373 1137 1434 aedem
1157 1392 1230 1454 ergo
1249 1370 1399 1452 δεσμητέρσς

352 1455 411 1534 τῆς
431 1447 617 1538 ὁδηγητριάς
637 1461 694 1538 ire,
717 1458 794 1520 nibil
814 1457 894 1518 aliud
915 1457 984 1532 fuir,
1004 1478 1096 1540 quam
1109 1455 1148 1517 ad
1165 1453 1399 1537 templumaeooa

353 1539 445 1612 serre,
471 1539 524 1601 ubi
546 1540 712 1624 illaquam
736 1541 866 1603 diximus
879 1543 995 1602 Mariae
1017 1543 1115 1624 imago
1136 1539 1287 1618 manebat,
1305 1535 1398 1620 quarab

355 1622 408 1682 illo
428 1627 619 1702 monasterio,
644 1620 767 1706 δδηγῶν
789 1625 883 1702 dicto,
905 1645 1015 1686 nomen
1034 1623 1093 1685 hoe
1113 1626 1242 1704 aceepit.
1281 1621 1398 1682 Videre
1422 1683 1423 1686 ,

336 1715 400 1768 ,tas
425 1706 528 1766 iacobi
551 1709 685 1770 Gretseri
706 1710 738 1768 in
761 1711 929 1770 orationem
947 1709 1091 1770 Germani
1111 1703 1299 1788 patriarchae
1319 1705 1346 1764 iu
1361 1701 1399 1784 pri
1422 1691 1423 1766 i

353 1809 434 1848 marn
456 1791 640 1852 ieiuniorum
660 1791 865 1863 Dominicam.
908 1791 1072 1874 Templum
1100 1789 1160 1851 boe
1189 1785 1343 1850 Pulcheria
1358 1787 1423 1867 ria-i

354 1882 454 1952 gusta,
469 1873 590 1935 Arcadii
614 1874 688 1952 filia,
712 1873 880 1936 aedificavit
900 1885 930 1936 et
949 1878 980 1936 io
1004 1895 1040 1936 eo
1060 1875 1224 1956 imaginem
1235 1871 1315 1934 verbi
1333 1869 1401 1930 metir
1422 1887 1423 1908 ³

355 1956 520 2017 Antiochia
540 1959 662 2020 missam
681 1957 850 2036 dedicavit,
872 1979 966 2040 quam
985 1957 1025 2023 D.
1050 1957 1149 2018 Lucas
1177 1957 1241 2016 suis
1260 1956 1319 2036 ipse
1335 1951 1400 2012 mari·

353 2037 412 2098 bus
432 2038 583 2120 depinxit,
616 2041 668 2102 illa
696 2041 795 2103 adbuc
816 2046 939 2104 vivente
971 2051 1002 2118 et
1032 2037 1169 2102 tabulam
1190 2041 1287 2120 ipsam
1305 2036 1401 2108 ridente,

355 2122 543 2204 gratiamque
563 2123 639 2186 adeo
661 2123 704 2186 iili
727 2125 841 2188 sormee
861 2146 934 2188 suae
954 2125 1135 2186 immittente
1155 2131 1214 2190 etc.
1255 2119 1401 2202 Nieepheru

355 2199 408 2262 lib.
431 2205 478 2270 15.
499 2227 567 2288 cap.
588 2205 635 2286 14.
655 2228 785 2270 aonrarr.
1422 2223 1423 2232 ¹

438 2289 517 2370 Pag.
533 2288 602 2371 ¹69,
614 2289 645 2352 5.
669 2287 920 2370 συνεσταλμένον
938 2291 982 2354 Μ.

437 2371 518 2454 Pag.
535 2371 603 2455 169,
620 2393 669 2457 ¹9·
690 2371 814 2449 δ’ξίσσζε
832 2377 876 2440 Μ.
897 2397 1029 2458 quoque.

438 2454 658 2539 Pag.169,22.
682 2455 839 2532 διεδέξατο
863 2456 898 2518 δὲ
920 2453 977 2540 τὴν
998 2461 1042 2519 Μ.

437 2539 602 2622 Peg-170,
621 2561 647 2607 1.
669 2537 782 2601 σ’πέστε
804 2541 848 2608 Μ.
869 2543 950 2624 Lege
972 2538 1099 2620 ἀπέστη.
1422 2557 1423 2618 i

441 2620 643 2702 Pag.r7o,4.
666 2624 1009 2709 Philippopolim.
1052 2613 1423 2706 Urbshaeoanostrude}

355 2703 498 2766 scribitur
521 2705 575 2766 lib.
592 2705 623 2786 4.
645 2728 712 2787 rap.
727 2704 779 2786 45.
824 2708 924 2768 Hodie
943 2709 1051 2768 Tureia
1073 2705 1186 2766 dicitur
1203 2702 1327 2766 Philibe:
1340 2717 1403 2782 quan
1422 2707 1423 2720 ¹

357 2789 411 2878 qui
429 2811 447 2846 a
458 2789 600 2872 Philippo
615 2789 793 2868 Macedone,
808 2790 971 2852 Alexandri
991 2803 1086 2872 patre,
1101 2787 1255 2850 conditam
1267 2807 1327 2848 rum
1339 2779 1404 2861 vulga

358 2875 549 2949 existimant,
582 2873 740 2934 falluntur.
781 2874 861 2934 Nam
890 2875 1023 2956 Philippi
1045 2873 1183 2934 Caesaris
1217 2891 1289 2954 opus
1306 2877 1359 2943 est,
1381 2871 1423 2946 n,

357 2951 434 3016 aliae
455 2955 625 3038 complures
636 2957 787 3020 Thraciae
796 2957 938 3018 »civitates
958 2957 998 3018 ab
1020 2953 1255 3039 imperatoribus
1272 2953 1344 3014 fuere
1353 2965 1401 3008 mt-
1422 2947 1423 3032 4

357 3035 464 3111 ditae,
493 3040 576 3121 quod
597 3042 662 3122 ipae
704 3062 803 3122 uoque
831 3041 954 3102 uomina
987 3049 1157 3114 testantur,
1180 3048 1217 3098 ut
1236 3026 1402 3111 Traiauopdi⁵

356 3122 468 3182 montis
488 3123 660 3205 Rhodopes,
715 3123 901 3207 driaoopolia
925 3125 1033 3185 Haemi
1054 3125 1178 3198 montio,
1201 3130 1235 3182 ut
1255 3116 1401 3192 Arcadia»

357 3199 415 3278 lis,
437 3215 471 3266 ut
495 3205 744 3288 Anastasiopolis.
784 3207 821 3268 1d
847 3229 984 3290 expresse
1012 3207 1158 3288 seriptum
1182 3205 1279 3286 reperi
1308 3202 1401 3276 inque

358 3283 430 3346 dam
451 3288 594 3352 historiae
615 3292 748 3354 Graecae
771 3287 868 3368 libro,
899 3293 987 3352 euius
1006 3301 1037 3352 et
1061 3289 1159 3371 prinei
1182 3288 1246 3348 ium
1268 3295 1298 3347 et
1325 3294 1400 3342 affl

244 3427 247 3442 .
357 3371 490 3431 auctoris
510 3375 650 3454 perierat,
670 3395 739 3436 enm
763 3375 917 3456 ceterurpri
938 3371 1035 3434 rnulta
1054 3375 1132 3434 scitu
1175 3374 1243 3454 'gua
1263 3367 1400 3430 mutuam

358 3450 519 3535 Philippus
531 3460 700 3542 imperator
718 3457 821 3520 rodem
841 3459 876 3519 in
894 3457 1027 3544 Europa
1047 3455 1203 3536 oondtilr't,
1218 3443 1400 3541 witige
1422 3463 1423 3506 i

352 3536 488 3618 popolim
511 3542 688 3623 appellavit.
714 3539 930 3604 Lennelaviua.
952 3559 1086 3604 rorare.

437 3617 926 3708 Pag.171.8.Syrgiannem
944 3627 985 3688 in
1007 3641 1209 3685 carcerem
1223 3619 1400 3682 coniecta*

356 3697 407 3760 De
426 3701 562 3785 sceiere,
582 3707 623 3768 ob
643 3709 727 3790 quod
747 3709 779 3770 iu
809 3707 932 3772 vincula
957 3707 1091 3773 traditus
1117 3705 1212 3766 fuerit
1237 3699 1400 3786 Syrgbnasss
1422 3733 1423 3780 i

355 3783 508 3867 Gregoras
528 3790 568 3851 ad
585 3788 669 3853 buno
698 3792 834 3870 modpm.
875 3791 1058 3874 Syagrimnes
1086 3792 1294 3874 unpemtomm
1314 3789 1423 3860 Wi

356 3865 414 3928 dia
437 3872 561 3967 ptume
586 3873 695 3948 heae,
720 3878 822 3975 aprino
848 3895 938 3958 aeger
963 3875 1092 3971 armai
1109 3873 1197 3934 vultu
1215 3857 1400 3969 pffl‘

355 4133 425 4175 eum
445 4119 507 4180 iliis
527 4121 710 4207 loquebatur,
726 4125 829 4209 quibus
847 4126 1019 4188 eommruria
1037 4124 1154 4206 negatrix
1170 4105 1399 4184 incommdffl‘r

230 4206 233 4214 ·
263 4209 272 4218 ·
355 4208 386 4256 ee
407 4201 638 4282 επμεπππσπ
654 4207 893 4302 aaronem,
915 4221 948 4273 π
961 4230 983 4272 a
1001 4208 1104 4290 qubus
1121 4207 1238 4270 uma
1253 4195 1399 4285 aim
