2874 4944
237 339 240 345 -
290 302 347 368 au
374 297 652 396 amiantum
679 301 753 366 nu.
773 303 813 364 ιι.
897 285 945 354 ’.
1022 273 1105 362 505

45 453 128 520 mam
147 453 271 520 eit'Dei‘
283 455 461 535 substantia,
481 455 535 518 sed
554 455 679 516 tertium
698 452 853 538 quiddam.
897 455 1037 536 Quarum
1050 457 1116 520 anl-

47 537 116 602 lium
135 541 344 604 delirationum
363 561 426 624 pon
447 540 538 602 modo
557 538 703 621 vestigia,
722 538 776 599 sed
797 549 828 599 et
848 539 964 620 integra
983 537 1118 621 plaustra

46 624 99 686 hac
119 626 221 686 itidem
240 634 415 708 tempestate
433 625 465 685 in
484 623 609 684 Graecia
629 631 807 704 supersunt:
836 622 919 704 quod
933 643 967 682 ex
988 625 1115 686 Ieremia

66 706 210 770 atriarolaa
226 704 555 789 Constantinopolitano
577 705 690 783 oleret3
710 723 781 766 narn
801 704 984 765 insecundo
1005 727 1059 767 suo
1075 707 1116 770 ad

46 727 244 874 lubingenses
264 813 417 874 responso,
436 811 498 851 nou
518 787 605 872 longe
625 809 644 848 a
664 789 823 871 principio,
848 787 1041 870 reprehendit
1050 791 1113 850 Lu·-

44 871 181 936 thermus
202 873 281 948 illos,
302 875 383 958 quod
404 875 556 952 dicerent,
588 865 702 933 ταύτὸν
725 862 805 934 εἶναι
826 867 938 932 ου’σιάν
957 867 1011 932 καί
1030 870 1117 952 ἐνέρ-

44 975 126 1034 γειαν
145 952 200 1018 tut
217 955 302 1018 θεοῦ·
325 951 400 1038 ὅπερ
425 957 483 1017 oda
505 949 608 1032 ἔστιν,
628 957 726 1059 inquit
749 955 905 1032 Ieremias,
935 945 984 1016 ὅτι
1010 953 1045 1016 δὲ
1067 957 1116 1016 θε-

46 1037 81 1098 οῦ
100 1037 194 1102 odola
213 1035 268 1102 eal
290 1037 426 1121 ἐνέργεια
446 1035 485 1100 orl
502 1033 640 1117 sadada,
660 1034 742 1098 αλλὰ
767 1037 996 1120 διαφέρουσιν,
1021 1032 1117 1098 deaii·

45 1119 115 1181 aare
140 1118 226 1203 πρὸς
258 1123 345 1187 θεοῦ.
388 1123 430 1184 Et
457 1141 526 1182 mox
554 1131 729 1204 argrrmenta
750 1132 881 1204 quatuor
907 1120 956 1182 vel
982 1121 1116 1204 quinque

44 1204 160 1284 profert,
182 1218 271 1269 acuta
290 1227 365 1268 sane
385 1216 415 1267 et
444 1205 697 1287 digna‘l’alamae
726 1203 897 1286 discipulo:
929 1226 963 1266 ex
983 1225 1115 1288 quorum

43 1307 164 1350 numero
184 1309 292 1372 agmen
318 1288 431 1350 claudit
449 1288 527 1350 hoe:
570 1283 600 1349 sl
625 1286 713 1348 πᾶσα
744 1281 879 1365 δύναμις
908 1280 988 1364 πρὸς
1010 1289 1116 1366 ἕτερον

46 1368 175 1446 λέγεται·
199 1366 280 1453 πρὸς
301 1364 361 1452 γὰρ
387 1369 423 1434 ed
448 1363 579 1432 δυνατὸν
605 1361 791 1432 ἀποδίδοται
808 1414 819 1449 ,
839 1366 883 1442 ὥς
904 1367 959 1430 καί
982 1370 1028 1456 τῷ
1045 1367 1118 1432 Θω-
1152 1375 1157 1390 “

43 1450 86 1533 μᾷ
110 1451 146 1515 δὲ
167 1452 252 1518 ’alula
300 1453 394 1515 donet*
430 1450 536 1534 ἕτερον
553 1445 617 1536 ἄρα
630 1449 726 1514 odada
741 1453 820 1513 dauri
841 1451 896 1514 eui
909 1451 1014 1536 ἕτερον
1029 1452 1117 1534 drip-

41 1552 129 1611 ysus,
161 1535 193 1598 εἰ
219 1557 266 1617 μη
288 1537 343 1599 καὶ
375 1530 430 1620 τὴν
459 1538 573 1603 ουσίαν
607 1535 687 1620 φαίη
713 1556 760 1607 τις
781 1526 863 1596 εἶναι
882 1529 1050 1616 τῶν-πρός
1071 1553 1115 1597 τι.

42 1615 147 1682 Facilis
162 1618 285 1686 solutio.
326 1620 426 1682 Aliud.
450 1621 530 1682 enim
556 1631 601 1682 est
623 1619 790 1683 substantia
810 1621 867 1680 Dei
888 1630 918 1680 et
939 1617 1023 1682 aliud
1044 1639 1120 1700 ope·

41 1703 124 1780 mdo,
145 1724 208 1764 non
230 1725 276 1784 re,
297 1703 351 1766 aed
370 1703 435 1766 sola
453 1708 582 1765 ratione.
624 1703 740 1764 Eadem
768 1704 849 1764 enim
869 1722 917 1763 res
935 1701 1121 1786 simplicissi-

41 1802 98 1863 ma,
120 1797 272 1870 quatenus
291 1807 344 1868 per
365 1809 397 1850 se
425 1789 541 1864 existit,
573 1786 741 1848 substantia
774 1797 839 1847 este
875 1795 1026 1868 quatenus
1052 1789 1117 1850 vim

40 1869 141 1948 agendi
164 1870 269 1948 babet,
290 1874 423 1953 potentia
443 1882 506 1932 est:
528 1881 676 1953 quatenus
693 1868 866 1953 productrix
891 1869 1025 1942 effectus,
1042 1889 1119 1952 npe-

40 1954 163 2014 ratioet
188 1957 313 2036 energia
325 1965 391 2032 est3
413 1965 444 2015 et
464 1953 538 2014 haec
560 1957 661 2014 omnia
681 1951 771 2014 simul
794 1963 839 2014 ast
853 1963 977 2035 propter
989 1953 1120 2014 infinita·-

39 2043 96 2094 tem
110 2038 385 2098 etimmensitatem
407 2037 561 2098 essentiae.
592 2035 1120 2115 Neoabsurdum,utsubetantiare·

40 2112 180 2182 lationem
192 2141 248 2182 seu
267 2118 476 2182 habitudinem
490 2121 615 2182 rationis
630 2120 786 2202 significet,
800 2139 862 2181 non
878 2119 1000 2202 quidem
1013 2130 1120 2202 quate·

38 2219 91 2262 nus
105 2215 150 2264 est
162 2205 347 2278 substantia,
361 2203 414 2265 sed
434 2215 581 2286 qnatenus
601 2203 656 2265 illa'
675 2202 841 2264 substantia
861 2201 950 2264 simul
969 2204 1059 2264 etiam
1075 2213 1121 2264 est

36 2290 165 2364 putentia
181 2299 214 2350 et
226 2288 373 2370 operatio,
387 2289 525 2370 quamvis
539 2307 595 2348 eur
606 2307 668 2348 nnn
679 2297 709 2348 et
720 2297 868 2369 vetanus
878 2288 1045 2349 substantia
1055 2286 1121 2348 sun·

36 2366 105 2430 dare
118 2373 217 2453 possit
233 2381 401 2456 respectum
415 2373 540 2433 rationis
551 2371 591 2432 ad
607 2369 715 2432 auudr
739 2369 800 2432 Sed
818 2368 863 2431 nil
875 2383 950 2454 opus
963 2370 1036 2449 hoc3
1050 2371 1121 2432 satis

36 2450 146 2536 absque
167 2457 230 2516 isto
255 2466 380 2537 apparet
398 2457 513 2538 ineptia
531 2455 699 2598 appamenti
724 2455 925 2516 Graecanicis
948 2456 999 2514 cui
1019 2451 1118 2516 simile

37 2545 78 2596 est
97 2548 127 2598 et
147 2537 232 2601 hoct
263 2537 299 2598 Si
311 2541 444 2629 operatio
466 2559 543 2600 exs
579 2540 689 2611 stantia
703 2535 767 2598 Dei
814 2551 918 2620 metuo
934 2537 1071 2620 procedit
1090 2549 1120 2598 et

32 2637 207 2699 promanat,
236 2620 272 2682 td
288 2643 361 2682 aero
382 2621 420 2683 de
440 2622 526 2682 nulla
552 2635 695 2682 creatam
716 2641 736 2678 a
790 2621 872 2680 arari
885 2631 1003 2716 potest,
1020 2619 1120 2704 sequi-

35 2713 311 2869 iim‘l‘ffil'
330 2725 477 2850 titt
490 2717 772 2868 mittut?
787 2715 888 2868 “tt
907 2701 1121 2846 l‘ttffllttt}

35 2873 213 2954 concipiunt
243 2873 325 2932 enim
356 2881 387 2930 et
418 2869 598 2952 cogitatione
628 2868 792 2930 informant
820 2869 1122 2952 operationem-Dei,

33 2955 117 3032 quasi
136 2975 157 3016 a
176 2956 248 3015 Deo
267 2953 410 3036 prodeat,
434 2964 470 3014 ut
497 2951 550 3014 lua
575 2951 678 3036 prodit
702 2974 720 3013 a
747 2950 829 3024 sole,
867 2949 950 3014 calor
975 2951 1122 3034 abigao,

34 3053 111 3117 aqua
133 3059 152 3100 a
177 3038 266 3098 fonte
283 3037 416 3119 perenm.
459 3035 551 3115 Quod
572 3038 711 3118 pinguius
727 3035 872 3117 quiddam
888 3045 954 3112 est,
981 3055 1071 3117 vam
1087 3045 1123 3095 ut

33 3115 65 3178 in
97 3119 220 3182 subtile
255 3120 392 3203 beneque
422 3131 587 3203 purgatum
604 3121 757 3202 ingenium
784 3118 892 3179 eadere
914 3122 1031 3200 possit:
1072 3117 1124 3180 cni

32 3219 94 3263 non
114 3208 279 3288 ignotum,
301 3202 356 3264 has
377 3203 543 3266 locutiones
567 3203 605 3264 de
627 3221 786 3286 progressu
812 3211 843 3263 et
863 3199 945 3262 llnxu
972 3208 1125 3284 operatio·

36 3302 111 3346 num
136 3287 318 3350 divinarum
335 3307 399 3348 esse
415 3286 633 3370 metaphoricae
664 3285 755 3348 etad
780 3296 920 3348 noenum
938 3284 1125 3369 intelligendi

32 3370 163 3432 modum
182 3370 353 3452 adaptatae,
373 3371 426 3452 qui
446 3373 634 3454 operationes
654 3380 800 3452 tanquam
817 3368 891 3451 quid
911 3367 1079 3432 substantia
1095 3380 1126 3432 et

31 3458 166 3516 essentie
190 3456 341 3536 posterius
363 3463 394 3514 et
413 3453 452 3514 ab
472 3475 508 3515 ea
528 3475 670 3516 emanans
693 3453 899 3535 concipimus3
920 3452 1003 3536 quod
1022 3465 1126 3515 temen

32 3533 64 3594 in
86 3537 159 3599 Deo
186 3557 222 3598 re
240 3539 304 3620 ipsa
330 3537 432 3598 lnenrn
455 3522 517 3621 nod
535 3536 646 3616 babet3
666 3537 720 3598 ubi
744 3558 762 3599 a
830 3545 878 3599 rte
895 3539 940 3597 rei
960 3535 1128 3599 substantia

32 3637 87 3678 seu
113 3621 251 3682 essentia
273 3632 304 3681 et
329 3621 464 3702 operatio
498 3641 593 3680 unum
623 3641 746 3702 prorsus
773 3622 914 3702 iamque
943 3630 1033 3680 sunt:
1070 3639 1126 3680 neo

30 3706 132 3786 magis
156 3707 295 3785 operatio
320 3703 377 3764 nei
400 3701 439 3765 ab
453 3703 577 3764 essentia
596 3703 699 3765 divina
720 3702 807 3780 fluit,
831 3723 924 3786 qnam
944 3704 1009 3784 ipsa
1025 3723 1127 3763 essen·

30 3787 75 3846 tia
96 3787 141 3848 ab
163 3789 317 3862 maentia3
338 3807 409 3846 eum
426 3788 553 3848 essentia
570 3795 600 3846 et
622 3787 757 3866 operatio
779 3788 840 3846 sint
873 3805 970 3846 unum
988 3785 1128 3867 idemque

32 3887 88 3930 ens
117 3867 379 3952 simplicissimum
399 3871 578 3951 penitusque
601 3867 771 3932 indivisum.
813 3867 972 3928 Addamus
995 3877 1026 3928 et
1049 3867 1129 3928 hane

31 3955 232 4016 Graecorum
258 3950 476 4031 subtilitatem:
501 3951 539 4010 Si
554 3953 593 4012 de
610 3953 708 4012 multr's
730 3951 893 4011 substantia
914 3949 978 4010 Dei
997 3971 1057 4011 non
1074 3949 1126 4011 de·-

33 4037 116 4096 citar
126 4059 141 4112 ‚·
164 4057 229 4098 rma
250 4040 329 4098 enim
348 4036 465 4096 eiusest
481 4035 661 4112 ardetantm5
683 4033 722 4094 de
742 4035 841 4094 maltis
860 4054 932 4094 vero
953 4047 983 4094 et
1000 4034 1127 4096 diverses

29 4121 176 4201 operatio
189 4121 251 4182 eius
270 4121 399 4194 diot'trtrf
417 4120 523 4179 variae
542 4120 621 4178 enim
642 4131 709 4178 arnt
727 4115 911 4202 operationes
928 4119 1009 4193 εἱιιςς
1030 4120 1129 4204 sequi·

31 4215 92 4281 tar,
114 4201 290 4266 aliudesse
310 4203 371 4266 aaa
396 4201 611 4283 metuam,
640 4201 728 4266 attat
756 4203 817 4264 etia
836 4203 1050 4286 operatorem.
1092 4203 1130 4264 ln
