3098 4928
295 255 324 342 6
460 235 468 250 ’
751 273 962 342 centonas

296 451 341 492 res
357 430 489 492 succedit.
527 431 634 488 cralsm
652 449 712 486 eum
733 448 820 486 uaors
836 427 1045 514 obiurgatlopb
1082 433 1236 488 &mentes
1251 428 1382 489 &bocas

296 504 426 628 oppidum
447 505 587 558 incassum
598 517 766 576 oppugnant.
800 503 841 556 Ds
850 513 1004 554 munitione
1018 505 1149 571 Byzantii
1160 515 1188 556 et
1201 501 1304 555 stolido
1317 519 1383 556 oon·

296 596 322 630 ss
335 595 344 628 s

340 579 362 630 'o
381 573 524 632 cuiusdam
542 575 664 628 Martini
680 575 740 628 eius
756 569 938 646 oppugnandi
957 569 1024 641 (28).
1057 571 1104 628 Aa
1117 573 1197 627 urbes
1214 573 1294 626 iusta
1310 573 1384 628 Pon·

256 649 257 652 ’
296 648 523 715 iamimperator
538 643 623 728 mittit
639 642 773 727 subsidia.
806 641 947 728 Sozopolis
974 641 1087 728 superbe
1104 644 1199 726 reiicit
1215 655 1243 696 et
1263 659 1281 696 a
1304 639 1384 725 Lati·

297 712 1249 854 tt:.i“l.‘'tt·.1.5.'ttt”.‘t323'3,⁰5⁸²t3{;:.tt.⁶“.“.:;.t‘l'”l¹t.'z‘;
1268 709 1384 856 iiic?

297 857 420 917 Nicolai,
437 852 516 908 ducis
528 855 646 978 Vama
658 855 765 918 elassis,
787 851 931 906 timiditas.
969 851 1124 907 cannenses
1138 855 1301 907 vincuntur.
1330 854 1388 905 Ga·

297 927 453 982 latoeorum
480 926 511 977 in
534 925 584 978 Cat
634 941 684 977 nos
707 927 857 996 impostura
876 921 942 992 (29).
988 923 1189 988 Genuensium,
1211 923 1387 984 Venetam,

300 995 500 1050 catalonorum
516 992 618 1048 clades.
654 994 742 1049 Ducis
760 993 943 1048 cennensium
961 1009 1077 1063 magnus
1102 995 1217 1046 animus.
1252 993 1398 1046 Nicolaus.

298 1066 448 1120 uictoriam
461 1063 575 1137 fhedat.
620 1063 800 1134 Imperatoris
826 1076 853 1116 et
881 1063 1082 1116 catalonorum
1107 1061 1185 1116 ducis
1206 1065 1237 1114 in
1255 1081 1315 1115 eum
1333 1063 1389 1114 ira.

299 1137 499 1204 Byzantiorum
511 1135 543 1187 in
557 1134 703 1188 catalonis
716 1135 839 1204 aegrotis
856 1129 992 1186 curandis
1007 1131 1183 1187 memoranda
1202 1133 1306 1187 caritas
1319 1129 1389 1201 (30).

302 1209 459 1261 cenetenses
478 1203 514 1257 ab
531 1203 659 1259 Orobans
676 1205 811 1260 auxilium
830 1201 989 1274 implorant.
1028 1204 1085 1256 cur
1102 1203 1151 1256 s'lle
1171 1203 1280 1257 Venetis
1298 1200 1391 1273 insen-

300 1293 355 1329 sus.
391 1275 526 1329 iis'colaus
542 1273 634 1329 denuo
651 1293 682 1328 re
701 1271 870 1330 rebenditur.
917 1272 1117 1326 catalonorum
1134 1272 1191 1324 dus:
1204 1289 1275 1344 pras
1293 1269 1391 1326 dolore
1432 1296 1435 1306 ·

300 1346 390 1399 animi
407 1345 542 1400 moriture
561 1347 608 1399 cui
624 1295 766 1418 snjpbtsur
782 1346 921 1404 Monesen,
948 1359 1027 1415 quem
1049 1346 1201 1413 imperator
1218 1341 1258 1395 ad
1270 1358 1392 1412 pugnam

257 1415 261 1430 ⁴
298 1415 526 1484 truseratncius.
561 1415 708 1478 Nicolaus,
727 1414 876 1475 eunucus,
892 1411 1065 1484 relinquitur
1074 1415 1143 1483 (bs).
1179 1413 1297 1466 classem
1310 1428 1393 1482 repa-

301 1498 359 1540 rat.
395 1483 583 1549 Grimoaldus¹
595 1487 636 1540 Pa
656 1487 717 1547 ani,
734 1481 813 1538 ducis
829 1483 1021 1548 cennensium,
1039 1501 1189 1546 successor,
1208 1479 1285 1554 apud
1292 1478 1394 1536 Sardi-

302 1557 379 1608 niam
398 1557 533 1610 nincitur.
576 1557 601 1608 A
648 1555 736 1609 enatis
754 1555 909 1606 censsenses
928 1551 1043 1622 afflicti,
1062 1571 1091 1608 se
1109 1553 1235 1625 principi
1253 1550 1393 1606 Mediola-

302 1626 428 1679 nensium
446 1643 506 1682 cum
524 1622 686 1680 conditione
702 1624 865 1680 subiiciunt.
898 1625 923 1676 A
940 1625 1055 1694 Pagano
1076 1622 1153 1694 apud
1172 1621 1320 1677 Metbonen
1340 1622 1393 1674 Ve-

302 1696 363 1747 neti
379 1706 583 1768 expugnantur.
617 1697 679 1750 Pau
698 1695 772 1748 inter
789 1705 928 1764 utrosque.
963 1693 1075 1764 Pagani
1096 1705 1124 1747 et
1139 1695 1309 1765 optimatium
1330 1692 1393 1745 ezi-

301 1765 379 1818 lium,
417 1765 601 1819 cennensium
618 1776 707 1818 status
724 1765 873 1818 restitutus.
909 1763 1091 1836 palaeologus
1110 1781 1170 1818 eum
1193 1779 1279 1817 uxore
1300 1773 1327 1816 et
1346 1760 1391 1817 al·

302 1847 363 1890 tero
384 1833 511 1908 filiorum
537 1832 762 1902 Didymoticlsum
780 1833 855 1886 abite
875 1831 968 1888 eodem
986 1836 1068 1888 Irene
1085 1851 1145 1887 csun
1164 1833 1298 1904 episcopis
1315 1834 1393 1886 Mas·

302 1905 412 1958 tlsaeum
438 1904 486 1958 illi
508 1905 697 1958 conciliatura
723 1902 916 1975 proficiscitur
932 1903 998 1972 (bs).
1039 1905 1222 1975 Palaeologus
1240 1901 1392 1972 vblattlnseo

303 1976 457 2034 absolutam
474 1973 702 2044 gubernationem
718 1976 821 2044 scripto
836 1973 952 2045 firmare
972 1975 1080 2038 abnuit,
1104 1985 1133 2029 tt
1152 1985 1253 2028 contra
1270 1989 1394 2034 socerum

303 2063 385 2100 arma
403 2044 487 2114 capit.
523 2044 695 2098 blattlsaeum
711 2043 897 2116 Adrianopoli
915 2043 1035 2098 obsidet.-
1060 2045 1276 2097 Zernomianum
1295 2045 1395 2096 timore

304 2111 815 2256 :llll‘littlttltialtl‘slbt
841 2111 1397 2237 ‘liltttttlitlzccclxiii:

705 2239 708 2242 .
815 2223 824 2240 Ι
1110 2223 1118 2248 9
1319 2224 1331 2246 δ

306 2264 464 2309 cursantur.
498 2253 684 2325 Palasologus
700 2273 753 2325 pro
771 2255 880 2308 auxilio
901 2255 980 2307 crali
993 2253 1112 2322 fratrem
1130 2253 1180 2306 dat
1197 2252 1334 2308 obsidem:
1354 2253 1399 2304 ei-

303 2322 366 2377 dem
389 2324 502 2378 moesus
524 2321 675 2377 subsidium
699 2325 791 2378 mittit.
829 2323 1038 2378 centocuzenus
1056 2325 1090 2376 ab
1112 2323 1238 2376 Orclsane
1258 2321 1399 2374 auxilium

305 2390 451 2448 contendit
467 2393 537 2463 (33).
570 2395 661 2448 Moesi
679 2395 777 2448 Persas
792 2394 927 2465 fugiunt,
947 2413 965 2448 a
980 2393 1079 2466 qsdbus
1098 2393 1219 2448 Triballi
1236 2405 1262 2444 et
1280 2393 1402 2452 Romani

303 2465 409 2536 partim
419 2461 584 2527 caeduntur,
599 2464 704 2534 partim
715 2467 875 2537 capiamur.
909 2466 1024 2527 Persae,
1041 2465 1196 2519 Moesorum
1217 2462 1294 2531 agris
1312 2462 1402 2514 illata
1438 2462 1441 2477 ¹

306 2535 452 2604 amiitase,
470 2534 502 2586 in
514 2535 607 2587 Asiam
624 2531 746 2588 redemit
789 2535 1010 2596 cantaouzenus,
1029 2551 1098 2607 pace
1122 2551 1140 2588 a
1156 2533 1325 2602 Palaeologo
1349 2531 1403 2584 ob-

305 2615 396 2667 tenta,
413 2605 473 2656 eius
489 2601 598 2675 oppidis
614 2603 738 2675 infestus.
776 2604 956 2660 Chalcidicam
964 2618 1077 2688 propter
1089 2603 1403 2658 blorrlsaeosincursat.

305 2671 352 2729 Ad
367 2675 564 2744 Palaeologum
580 2691 676 2747 paoem
692 2687 825 2745 petentem
842 2677 914 2728 scita
930 2672 1102 2738 similitude,
1126 2675 1174 2728 eui
1192 2673 1280 2726 malos
1303 2673 1404 2726 consi·

306 2743 410 2796 liarios
424 2757 521 2813 pacem
541 2743 719 2814 impedientes
734 2743 880 2799 detrahere
901 2746 1012 2803 nititur.
1047 2745 1230 2816 Palatologus
1248 2741 1400 2812 desperans

308 2812 341 2868 in
356 2811 493 2876 Tenedum
513 2813 772 2886 cumusorefisgit.
807 2815 1015 2888 Eiusseminus
1035 2813 1099 2868 iaus
1126 2816 1228 2870 eximia
1239 2814 1305 2882 (34).
1342 2811 1401 2865 Ur·

308 2883 355 2936 bes
372 2883 431 2936 eius
453 2885 676 2939 Cantacuzenum
694 2887 837 2956 accipiunt
849 2884 996 2943 dominum.
1030 2887 1112 2940 Irene
1125 2885 1290 2952 Byzantium
1304 2881 1400 2936 sedulo
1423 2916 1427 2923 ·

276 2985 278 2990 ·
307 2963 407 3006 matur.
443 2955 626 3026 Palaeologus
643 2953 683 3008 ad
699 2958 809 3010 moenia
826 2957 985 3008 vanienses
1016 2973 1062 3026 spe
1081 2958 1187 3025 lapsus,
1207 2955 1335 3011 Galatam
1353 2951 1399 3012 dl·

307 3024 412 3078 vertit.-
429 3022 493 3077 inde
512 3026 545 3078 in
564 3022 700 3079 Tenedum
717 3027 900 3100 renavigant,
917 3023 1065 3080 maledicta
1082 3039 1224 3080 vectorum
1241 3025 1273 3076 in
1293 3026 1399 3078 canta·

267 3143 270 3152 ,
308 3101 442 3150 cuaenum
459 3093 623 3149 dissimulat.
661 3097 804 3152 Tumultus
824 3097 981 3151 nobilitatis
999 3097 1131 3163 Byzantii
1154 3107 1181 3149 et
1208 3111 1268 3148 eum
1296 3094 1401 3148 canta·

310 3181 417 3218 cuzeno
442 3181 476 3216 ea
512 3167 628 3219 satiatio
651 3177 679 3217 et
700 3164 734 3220 de
763 3167 905 3221 Mattlsaeo
926 3169 1091 3238 imperatore
1113 3161 1285 3236 designando
1301 3165 1401 3235 petitio

310 3233 378 3300 (35).
415 3234 454 3286 ca
479 3235 548 3288 istus
563 3235 729 3305 patriarcba
745 3237 864 3300 obsistit,
882 3247 909 3289 et
929 3237 1012 3308 quasi
1029 3237 1124 3290 alisna
1134 3233 1402 3304 locutusreprelsen-

309 3301 396 3356 ditur.
415 3305 530 3373 ¹Longa
549 3307 689 3368 oratione,
707 3318 738 3360 ut
759 3323 851 3377 saepe,
875 3308 1025 3376 imperator
1041 3307 1221 3376 suspicionem
1240 3303 1403 3371 tyrannidis

312 3389 332 3426 a
349 3391 378 3425 se
395 3371 519 3445 depellit,
539 3375 717 3447 iustitiaeque
734 3388 761 3430 st
784 3377 956 3446 integritatis
973 3373 1082 3428 laudem
1101 3387 1263 3445 aucupatur.
1300 3375 1402 3429 Palae·

311 3443 420 3514 elegum
428 3441 462 3496 de
476 3445 586 3528 aliquot
600 3446 735 3515 capitibus
752 3459 877 3509 accusat,
895 3443 960 3498 inde
979 3446 1101 3510 probans
1119 3444 1290 3500 Maubaeum
1301 3444 1400 3518 filium

312 3529 370 3565 non
388 3515 497 3567 iniuria
517 3527 708 3586 smperatorem
732 3517 879 3570 nominari.
921 3517 1106 3586 Palaeologus
1130 3532 1158 3568 se
1175 3515 1209 3568 de
1227 3514 1331 3568 dnobus
1348 3531 1401 3566 ca-
1441 3549 1456 3566 .

311 3583 414 3654 picibus
429 3597 533 3654 purgat
554 3587 620 3654 (36).
657 3585 822 3640 Mattlsaeus·
837 3589 988 3656 imperator
1004 3585 1175 3656 declaratus,
1195 3585 1401 3655 Adrianopolin

312 3653 440 3706 mittitur.
477 3655 591 3708 callisti
609 3655 718 3710 insede
735 3675 793 3710 non
811 3655 961 3727 repetenda
979 3655 1146 3726 pertinacia.
1182 3655 1225 3709 Dc
1245 3671 1400 3709 successere

314 3724 373 3776 eius
390 3720 565 3777 deliberatio.
604 3727 693 3780 citati
720 3729 856 3782 canones.
891 3731 1046 3797 Imperator
1068 3739 1208 3799 peccatum
1232 3743 1310 3778 suum
1321 3725 1402 3796 fitte-

308 3803 374 3932 Psq
411 3793 569 3848 Pbilotbeus
594 3797 627 3864 fit
641 3797 818 3882 patriarcba.
854 3800 997 3881 callistus·
1008 3797 1110 3850 Galata
1129 3799 1161 3850 in
1180 3793 1315 3850 Tenedum
1331 3813 1402 3878 pro-

312 3863 468 3986 ‚bilbili
491 3865 1248 4008 .fltttl⁰altllttt‚“.t{33'·mitellita
1264 3864 1402 3994 iiiiii
1480 4001 1485 4009 .

312 4001 355 4054 De
371 4003 463 4056 Persis
485 4008 641 4074 pecuniae
669 4009 792 4064 llsracia
810 4009 964 4064 educendis.
1003 4009 1106 4064 Terrae
1125 4019 1213 4060 motus
1232 4007 1332 4076 ingens
1353 4024 1404 4058 ur-

315 4069 362 4123 bes
374 4077 537 4142 prosternit,
557 4094 627 4149 quas
645 4075 770 4143 barbari,
790 4093 821 4134 ut
838 4079 971 4143 desertas,
993 4091 1137 4148 occupant.
1172 4077 1309 4130 Sulimani
1316 4074 1401 4148 perfi-

312 4138 370 4196 dia·
405 4141 446 4196 Ab
466 4145 593 4200 Orabam
610 4148 760 4218 imperator
777 4149 858 4202 urbes
876 4153 1002 4220 reposcit,
1020 4161 1046 4201 et
1063 4149 1112 4200 ille
1121 4147 1218 4218 filium
1234 4145 1272 4200 ad
1282 4144 1401 4199 redden·

313 4205 377 4266 aaut
394 4210 510 4270 inducit.
547 4213 649 4281 Causa,
667 4234 718 4274 eur
732 4205 939 4300 Cantacuzanus
957 4219 995 4276 ad
1008 4231 1138 4293 generum
1153 4221 1184 4272 in
1192 4215 1328 4276 Tenedum
1342 4215 1400 4291 uel·
