2944 4934
301 247 383 340 562
691 267 1006 336 morannum

301 437 444 502 cum'hic
464 455 500 497 ex
526 431 647 509 tritico,
679 427 732 491 illa
761 447 797 490 ex
822 427 938 492 hordeo
966 425 1146 510 plerunque
1180 424 1386 490 conticerem.

302 522 407 586 Multis
428 539 495 582 eam
515 515 660 579 describit
680 518 712 574 in
726 512 867 574 thesauro
890 531 944 574 suo
956 509 1139 594 Stephanus.
1159 511 1347 594 Xenophon.
1363 533 1386 578 ι.

301 607 432 668 Paediae
463 601 567 686 Cyri:
601 597 632 661 εἰ
652 596 688 660 δέ
713 617 763 669 τις
788 591 905 667 adroic
937 589 1037 658 οἴεται
1060 583 1082 676 ἢ
1103 593 1238 694 ,ἐσθίειν
1263 593 1387 674 dedic,

302 681 380 752 ὅταν
400 682 562 766 κάρδαμον
581 679 678 760 μόνον
698 673 816 760 ἔχωσιν
836 674 890 740 ἐπὶ
907 677 952 762 τῷ
977 678 1069 762 arip,
1094 701 1113 756 η
1137 675 1241 738 πίνειν
1264 674 1387 760 ἀηδῶς,

301 766 377 834 ὅταν
398 765 486 850 ὕδωρ
507 762 658 844 πίνωσιν,
694 757 945 845 ἀναμνησθήτω,
976 759 1043 832 πῶς
1064 759 1125 838 μὲν
1147 753 1209 842 ἡδο)
1230 753 1322 838 μάζα
1341 759 1391 820 eoi

302 845 397 936 ιῖοτος
431 849 577 915 πεινῶντι
614 852 753 933 φαγεῖν,
783 847 851 920 πως
880 843 916 908 δὲ
935 839 996 926 ἡδο)
1016 836 1106 926 ὕδωρ
1135 841 1389 924 tenerrimae

301 957 463 1100 willig.
478 1039 553 1101 unp,
565 1037 612 1080 ro.
630 1014 759 1076 simul
763 1033 873 1079 acra.
913 1011 961 1074 Ex
974 1011 1108 1074 Homero
1125 1009 1243 1096 Odyss.
1267 1006 1306 1076 2¹.
1321 1011 1386 1090 βοο·

300 1103 364 1166 τῶν
387 1098 504 1164 εἴδωλα
523 1094 708 1179 καμόντων,
733 1097 772 1158 ad
793 1100 880 1158 cuius
899 1097 1026 1158 νεανίαν
1044 1093 1165 1174 alludit,
1191 1094 1233 1158 de
1257 1115 1324 1180 qua
1344 1097 1384 1160 di.

303 1185 425 1254 Tullius
445 1183 524 1249 libro
552 1205 579 1244 ι.
605 1179 770 1244 Tusculan.
792 1201 924 1242 enarer.

387 1269 464 1350 Pag.
479 1270 550 1342 230,
563 1265 593 1333 8.
614 1287 631 1326 e
649 1265 791 1350 quibus
812 1265 918 1324 mula
940 1283 1085 1348 semper
1109 1275 1389 1344 augescerent,

301 1352 499 1414 extitisse.
542 1353 654 1412 Dcesse
674 1347 795 1409 videtur
815 1345 931 1430 aliquid
952 1347 990 1406 ad
1011 1349 1210 1422 sententiam,
1236 1347 1326 1491 pund
1344 1367 1388 1408 re-

301 1437 446 1582 {stitit
463 1423 1205 1598 alltttttffittttstltdttltitt?
1216 1427 1389 1597 aiiii

303 1603 372 1664 buit
391 1598 447 1663 καί
474 1621 544 1660 cum
575 1620 609 1661 ea
640 1596 811 1682 particula:
845 1597 949 1683 qtu'bus
976 1597 1218 1682 significaretur,
1253 1619 1322 1660 εαοι
1341 1597 1392 1657 aii

302 1701 424 1747 mortem
444 1685 647 1748 ααιιαὺιααιοι.
690 1681 748 1743 Cui
782 1691 852 1764 apte
873 1680 1058 1764 respondet,
1080 1680 1166 1763 quod
1187 1681 1391 1764 subiungitur,

303 1760 380 1850 ὅπερ
404 1763 460 1829 eci
479 1761 594 1848 μικρὸν
614 1759 747 1844 ὕστερον
769 1761 895 1844 ἐγίνετο.
924 1759 959 1827 εἴ
974 1784 1010 1824 re
1027 1757 1088 1844 γοὶρ
1101 1758 1165 1823 eino*
1191 1764 1326 1846 πικρίας
1340 1773 1394 1825 ere.

304 1854 411 1934 ltaque
430 1869 510 1931 nos,
532 1869 611 1934 quae
631 1847 734 1910 deesse
753 1847 953 1926 videbantur,
973 1846 1142 1909 adiicienda
1160 1851 1342 1928 putavimus
1357 1846 1394 1908 ad

303 1935 487 2020 implendam
504 1934 692 1996 sententiam.
714 1952 843 1993 rourum
865 1931 1020 1991 Lacunam
1040 1929 1194 2014 supplevit
1209 1931 1254 1995 P.

386 2019 615 2100 Pag.231‚ar.
636 2019 774 2078 exitus
788 2016 1049 2100 proeliorum.
1094 2015 1159 2077 Cic
1181 2035 1243 2096 pro
1259 2013 1390 2077 Milouer

303 2101 394 2163 Adde
417 2123 518 2173 casus,
538 2101 618 2162 udde
636 2100 761 2160 incertos
773 2101 871 2159 exr'uu
882 2099 1081 2198 prneliorum,
1099 2097 1300 2184 Martemque
1319 2119 1392 2160 oon·

303 2205 446 2259 murum,
478 2187 534 2267 qui
554 2204 641 2266 saepe
674 2183 851 2268 spoliantem
877 2201 941 2244 ιαοι
971 2195 1003 2242 et
1026 2181 1212 2242 exulcerarent
1243 2186 1351 2243 stertit
1366 2193 1393 2240 et

299 2267 426 2353 peruidit
449 2267 488 2326 ab
514 2266 636 2330 admeto.
660 2267 810 2326 Homerus
831 2259 920 2325 Iliad.
940 2263 992 2330 6.:
1035 2259 1129 2337 ξννός
1156 2261 1310 2336 ἐνυάλιος
1329 2259 1394 2324 rni-

302 2371 350 2414 τοι
371 2349 534 2412 κτανέοντα
555 2346 700 2414 κατέκτα.
741 2349 822 2412 Vide
848 2347 1070 2432 proverbium:
1102 2347 1194 2409 Mare
1220 2351 1390 2412 comanti.

306 2453 437 2496 rorran.

388 2519 468 2601 Pag.
492 2515 564 2595 235,
588 2513 617 2578 3.
646 2515 1021 2578 Mediolcncnrium
1047 2516 1251 2600 principi.
1294 2514 1399 2578 Isiuit

305 2599 434 2662 loannes
458 2601 653 2673 vicecomes,
676 2601 758 2662 idem
778 2599 1022 2681 archiepiscopus
1044 2619 1168 2682 quoque
1187 2597 1397 2662 Mediolanen-

304 2685 393 2749 eium.
424 2685 503 2756 Hic,
527 2695 562 2744 ut
580 2683 688 2745 scribit
708 2683 824 2745 Paulus
853 2683 973 2756 lovins,
1007 2685 1152 2766 Ligustici
1182 2684 1399 2746 bellicensem

303 2778 435 2841 secutus,
459 2773 553 2849 captis
573 2770 665 2828 armis
692 2767 769 2828 adeo
793 2767 949 2828 Murtham
974 2769 1184 2829 Gennensium
1206 2769 1319 2829 ducem
1338 2777 1399 2827 ter·

305 2853 380 2930 ruit,
401 2862 436 2912 ut
461 2850 600 2911 abdicato
623 2849 793 2934 principatu
813 2869 877 2912 sese
896 2852 1112 2933 civitatemque
1137 2851 1179 2914 ad
1208 2854 1276 2913 eius
1297 2861 1397 2912 οιιαῐο-

305 2935 427 2996 ritatem
459 2933 621 2997 contulerit
649 2946 680 2996 et
701 2933 886 3017 praesidium
916 2947 1147 3017 praetoremque
1166 2955 1186 2996 a
1207 2936 1327 2996 Ioanne
1347 2933 1399 2996 do-

307 3015 419 3080 lectum
439 3019 597 3102 acceperit.
638 3017 698 3080 Sed
718 3039 780 3079 uon
802 3015 899 3079 multo
922 3029 991 3102 post
1010 3018 1155 3080 delimato
1175 3019 1325 3098 Martha,
1343 3037 1400 3100 po-

306 3098 409 3181 pulus,
432 3103 476 3163 uti
497 3123 641 3184 semper,
672 3103 815 3164 factimus
835 3111 866 3161 et
886 3101 1039 3164 mutandis
1060 3101 1194 3164 consiliis
1225 3102 1399 3185 κρωιὶοοι

307 3193 338 3243 et
358 3181 446 3264 levis,
467 3184 628 3246 Valentem
648 3184 759 3248 ducem
787 3187 912 3247 creavit.
952 3187 999 3248 Ea
1027 3183 1217 3248 contumelia
1244 3195 1399 3268 pernotus

307 3267 437 3328 loannes
457 3289 540 3330 arma
563 3277 649 3352 parat
669 3279 701 3332 et
720 3268 837 3331 bellum
857 3270 982 3331 indicit:
1015 3291 1076 3352 quia
1098 3269 1229 3354 periculi
1253 3271 1334 3331 fama
1348 3269 1399 3328 Li·

307 3367 397 3432 guree
417 3362 587 3426 terrentur,
611 3350 662 3414 vel
690 3354 731 3415 ob
760 3353 792 3414 id
812 3356 960 3431 maxime,
983 3353 1067 3436 quod
1093 3365 1162 3416 tum
1184 3355 1266 3414 mari
1287 3352 1400 3434 maguis

307 3433 454 3494 classibus
474 3455 545 3495 cum
567 3436 691 3497 Venetis
714 3447 744 3498 et
768 3435 923 3498 Catalanie
940 3439 1172 3512 contendentes,
1195 3440 1278 3498 eirca
1297 3435 1400 3497 Sardi·
1469 3405 1470 3465 l

308 3519 392 3577 niam
413 3517 572 3579 infeliciter
594 3517 802 3582 conflixerant.
843 3521 949 3602 Itaque
968 3521 1093 3604 supplex
1122 3523 1231 3584 civitas
1260 3531 1294 3582 et
1311 3537 1396 3603 open

307 3599 485 3700 implorans,
506 3602 546 3662 ad
561 3605 718 3700 pristinam
737 3603 827 3668 fidem
850 3605 941 3666 rediit
955 3604 1110 3666 etValeus
1127 3615 1269 3686 suscepto
1289 3615 1399 3700 munt

306 3683 1399 3853 tttfflltittttlfftt‘diffinitttttttffitttffi

237 3909 242 3919 ,
306 3851 457 3931 praesidio
485 3855 621 3936 equitnm
641 3865 673 3915 et
700 3855 837 3936 peditum
861 3877 879 3918 a
901 3857 1014 3917 loanne
1042 3857 1164 3917 missus.
1207 3855 1276 3917 Nec
1297 3871 1395 3926 mua,
1468 3927 1469 3930 Ἴ

308 3935 482 3997 Ganuenses
503 3957 616 3998 novam
636 3936 762 4000 classem
786 3949 950 4012 exornant,
976 3939 1091 4001 Ioanne
1113 3941 1145 3999 in
1181 3959 1251 4000 enm
1271 3935 1395 3998 delectu
1468 3933 1469 3987 l

306 4015 432 4096 milites,
455 4021 615 4100 pecuniam
635 4033 666 4082 et
681 4033 883 4084 commeatum
903 4021 1026 4085 abunde
1046 4021 1236 4101 conferente,
1256 4020 1394 4082 addente·

307 4118 368 4179 que
387 4102 547 4166 duodecim
566 4107 704 4166 triremes
738 4115 859 4188 sumpto
879 4127 935 4168 suo
955 4125 1072 4189 suoque
1092 4105 1191 4168 milite
1211 4107 1328 4189 egregie
1346 4103 1392 4162 in·

305 4191 444 4248 meiat·
483 4187 563 4254 Earn
585 4187 711 4253 &esem
731 4189 873 4276 Pagauus
895 4191 989 4257 Curis
1010 4189 1199 4277 praetentus,
1220 4209 1291 4254 cum
1310 4190 1389 4272 ripa·
1467 4241 1468 4254 ,
